3040 5284
679 559 719 625 13

185 727 372 812 neutiquam
394 725 474 792 deae
505 725 693 811 dignitatem
720 725 866 792 imminui
898 722 990 789 nobis
1020 729 1206 808 persuasum

185 829 262 912 erit,
284 830 311 897 si
333 829 586 912 meminerimus,
613 837 716 898 totum
737 827 827 900 illum
856 826 1006 894 botularii
1037 835 1070 891 et
1090 825 1207 912 Populi

185 931 349 1018 dialogum
369 931 449 1005 nihil
471 933 559 1006 aliud
581 934 760 1015 continere,
791 953 887 1018 quam
920 931 1081 996 excelsam
1108 952 1206 1017 quau·

184 1035 260 1102 dam
281 1036 466 1121 allegoriam
490 1036 533 1103 ad
554 1035 798 1108 Atheniensium
811 1034 974 1102 civitatem
993 1043 1206 1121 spectantem:

184 1139 238 1204 cui
259 1139 286 1203 si
302 1139 415 1208 festive
436 1141 575 1211 numinis
589 1139 733 1210 tutelaris
745 1139 917 1222 imaginem
928 1138 1086 1208 immiscet
1100 1145 1206 1223 poeta,

183 1241 327 1326 profecto
349 1242 429 1308 nihil
452 1245 641 1326 committit,
662 1241 750 1328 quod
773 1241 946 1308 abhorreat
966 1239 1081 1310 adeae
1103 1239 1205 1325 digni·

182 1351 257 1408 tate.
299 1344 439 1412 Accedit
459 1345 555 1428 illud,
589 1345 675 1432 quod
697 1345 840 1416 eburnea
861 1343 1028 1408 Minervae
1059 1351 1164 1412 setim
1185 1365 1206 1406 e

182 1447 301 1514 Phidia
323 1448 501 1532 elaborata,
530 1472 627 1535 quam
652 1451 688 1538 τῇ
717 1453 796 1531 χειρὶ
824 1444 1032 1536 τήλεφαντίνῃ
1054 1445 1205 1526 μυστίλας

180 1549 442 1635 macarianam
474 1551 553 1624 dicit
588 1552 780 1634 botularius,
809 1571 874 1616 non
902 1557 991 1615 tanta
1028 1549 1205 1625 sanctitatis

180 1655 288 1739 speeie
311 1663 381 1722 erat
401 1645 530 1738 induta,
552 1657 630 1742 quin
655 1654 696 1726 de
718 1676 757 1720 ea
773 1655 885 1746 jocum
906 1650 1002 1718 edere
1017 1659 1113 1736 pocta
1134 1673 1204 1737 pos-

180 1765 236 1820 set.
282 1757 494 1841 Graecorum,
525 1761 581 1844 qui
611 1759 718 1824 omnia
747 1757 857 1820 divina
885 1753 985 1820 oculis
1014 1763 1046 1817 et
1072 1753 1203 1822 auribus

179 1861 348 1945 percipere
369 1860 532 1928 malebant
553 1883 650 1946 quam
671 1870 788 1944 mente,
809 1861 992 1926 reverentia
1012 1859 1200 1947 plerumque

179 1984 254 2026 cum
274 1963 344 2028 loco
367 1972 455 2053 certo
478 1985 516 2030 ac
540 1963 687 2046 definite,
721 1985 795 2029 cum
822 1962 958 2048 templo,
992 1985 1065 2028 cum
1096 1971 1202 2028 statua

180 2066 352 2152 conjuncta
372 2075 442 2136 erat
472 2075 568 2152 atque
585 2065 734 2136 ¹Athenis
763 2065 925 2152 pecudiare
940 2049 1121 2132 'Minervae
1152 2090 1200 2132 se-

180 2189 272 2233 erum
300 2167 380 2236 nihil
408 2168 496 2234 aliud
529 2162 641 2251 fuisse,
675 2189 770 2254 quam
799 2167 893 2246 ἅγιον
921 2169 1002 2242 illud
1032 2171 1200 2246 Πολιάδος

177 2274 307 2356 βρέτας,
329 2272 418 2358 quod
439 2271 588 2337 mulieres
611 2273 785 2346 obtinuisse
807 2295 904 2358 aegre
926 2275 1111 2342 fertsenum
1127 2275 1201 2340 cho-

178 2398 232 2440 rus
261 2377 295 2445 in
324 2376 522 2461 Lysistratus
551 2363 648 2448 versu
676 2377 807 2460 26221),
834 2399 929 2445 nemo
958 2381 1092 2463 ignorat.
1145 2381 1199 2448 De
1284 2449 1286 2452 ,

177 2479 397 2566 antiquissimo
418 2477 472 2546 illo
501 2479 652 2565 siguoiu
680 2479 863 2550 Erechtheo
893 2483 1078 2563 constituto,
1112 2482 1200 2567 quod
1248 2527 1257 2538 -
1321 2525 1325 2530 -

177 2581 267 2646 coelo
289 2581 450 2673 dejectum
472 2604 541 2652 esse
569 2582 781 2652 Athenienses
810 2583 979 2668 putabant,
1010 2584 1198 2670 Aristopha-
1257 2601 1262 2616 ⁸

177 2707 234 2749 nes
251 2687 356 2770 jocari
377 2687 436 2752 vix
458 2709 554 2756 ausus
576 2696 672 2754 esset:
694 2687 1198 2772 siauteminingentem'magni-

176 2788 322 2853 tudinem
344 2789 413 2876 ejus
435 2798 573 2872 statuae,
602 2812 699 2876 quam
720 2789 856 2860 Phidiae
878 2811 991 2857 manus
1020 2790 1195 2857 confecisse

118 2969 125 2975 ⁶
177 2900 209 2956 ct
230 2895 265 2956 in
286 2891 489 2958 Parthenone
511 2893 724 2976 exstruxisse,
747 2892 892 2979 plerique
908 2902 1123 2979 spectatorum
1134 2895 1197 2980 ipsi

176 2995 401 3077 meminerimt,
424 2995 540 3081 jocosa
566 2993 652 3060 dicta
668 2997 821 3082 jactavit,
849 2999 920 3083 quis
947 2996 1070 3063 idcirco
1099 2999 1195 3066 irasci

175 3099 280 3184 potuit
299 3097 440 3185 poetae?
469 3090 521 3166 'In
543 3099 737 3166 facetissime
755 3099 817 3167 illo
841 3099 1040 3188 dialog022),
1068 3102 1102 3166 in
1133 3123 1197 3186 quo

174 3201 392 3266 Pisthetaerus
414 3200 549 3268 Herculi
571 3201 692 3268 diserte
712 3195 862 3287 exponit,
885 3223 928 3268 ex
948 3202 1194 3271 Atheniensium

169 3305 245 3389 jure
266 3301 461 3368 hereditario
484 3304 591 3370 omnia
611 3303 704 3372 lovis
725 3306 827 3390 patris
848 3305 934 3372 bona
963 3305 1048 3374 filiae
1070 3306 1194 3389 heredi,

174 3405 355 3486 Minervae,
378 3403 556 3472 obventura
579 3424 660 3486 esse,
690 3406 796 3490 ipsum
822 3416 930 3472 autem
958 3408 1134 3476 Herculem
1160 3419 1196 3475 ut

174 3507 307 3577 nothum
339 3505 419 3570 nihil
455 3505 519 3576 sihi
554 3506 720 3576 vindicare
748 3529 856 3592 posse,
886 3511 984 3574 totius
1011 3510 1074 3576 loci
1104 3513 1194 3596 jocus

173 3612 206 3674 in
248 3610 398 3676 Herculis
441 3618 605 3695 stuporem
648 3607 753 3676 cadit:
808 3609 976 3677 Minervam
1020 3617 1194 3680 auctoritas

175 3735 211 3778 eo
240 3713 372 3798 infringi
400 3715 525 3800 nequit,
553 3711 646 3798 quod,
669 3713 858 3780 suavissimo
886 3735 960 3781 cum
986 3715 1096 3802 lepore
1124 3739 1193 3784 coe-

243 3911 288 3984 al)
307 3909 408 3967 Errare
426 3911 491 3968 mihi
509 3912 638 3990 ridentur
656 3911 690 3972 ii,
709 3911 755 3987 qui
775 3909 829 3964 hoc
848 3911 911 3966 loco
931 3909 1011 3982 ἅγιον
1028 3911 1122 3982 βρέτας
1142 3928 1193 3966 re-

173 3998 245 4052 lerrc
263 4001 359 4056 volunt
376 4001 411 4055 ad
429 4001 542 4056 Phidiae
563 4010 693 4064 statuam,
713 4017 793 4072 quam
812 3998 960 4054 Pausanias
981 3997 1011 4069 (l,
1030 4001 1102 4064 24‚5
1122 4001 1191 4074 sqq.)

173 4088 332 4158 descripsit;
357 4093 463 4162 βρέτας,
490 4101 621 4163 quantum
647 4091 747 4155 sciam,
782 4091 815 4144 de
840 4091 939 4160 ligneis
971 4099 1075 4144 tantum
1107 4092 1192 4160 signis
1223 4099 1226 4105 '

126 4181 128 4187 “
173 4185 331 4246 usurpatur:
362 4179 437 4232 illam
455 4188 546 4233 antem
564 4189 680 4234 statuam
700 4177 784 4231 ebore
806 4188 834 4231 et
860 4195 926 4232 auro
951 4176 1104 4233 conlectam
1129 4196 1192 4233 csse

165 4243 283 4317 consum.

247 4349 292 4422 22)
311 4367 368 4410 arv,
391 4351 458 4405 1646
475 4369 532 4424 sqq.
