3040 5284
400 712 454 776 Ex
477 731 666 795 graecarum
686 693 875 794 religionum
895 715 1010 772 nauus
1030 729 1156 794 quoque
1173 710 1298 774 ratione
1319 707 1433 772 sensi-
1488 729 1489 794 ἦ

401 815 462 881 bus
483 813 627 922 subjecta
648 821 799 931 apparet,
822 833 876 877 eos
897 821 970 876 ante
993 833 1101 878 omnes
1123 811 1258 878 deorum
1281 811 1489 902 dignita-
1488 869 1489 872 ,

400 931 464 984 tom
485 893 657 984 violare
626 939 710 984 vrsos
733 938 817 998 csse,
847 915 901 1002 qui
929 913 1026 980 ullam
1047 938 1115 980 rem
1136 917 1261 982 numini
1286 916 1489 982 cuidam

399 1043 523 1090 sacram
541 1019 705 1086 laederent
726 1029 781 1086 aut
767 1018 953 1086 t.dslerent
995 1019 1046 1086 Ita
1060 1019 1213 1088 Aelianus
1237 1021 1329 1100 ‘.Var
1342 1019 1425 1086 hist
1488 989 1489 1084 l

173 1137 175 1145 “
293 1125 304 1134 “
398 1125 438 1208 V,
462 1123 517 1212 17)
537 1123 629 1190 nobis
650 1133 772 1207 narrat,
793 1121 1004 1190 Athenienses
1026 1125 1139 1211 capitis
1160 1123 1320 1211 supplicio
1343 1111 1489 1188 affe-

399 1230 478 1298 cisse
501 1250 626 1312 omnes,
656 1229 710 1315 qui
731 1229 765 1292 in
791 1228 890 1294 sacris
909 1227 1094 1294 nemoribus
1117 1227 1248 1294 arbores
1270 1225 1425 1293 succide-

397 1331 540 1420 rint73).
582 1332 704 1400 Arbeci
733 1331 862 1398 cuidam
884 1330 997 1398 eodem
1019 1341 1148 1398 auctore
1169 1355 1254 1398 mors
1275 1331 1342 1398 fuit
1364 1332 1423 1396 ob-

399 1435 521 1517 eunda,
551 1435 638 1522 quod
666 1435 841 1502 inconsulte
874 1457 1035 1522 passerem
1064 1436 1255 1523 Aesculapio
1286 1457 1421 1500 sacrum

397 1540 542 1608 feriendo
571 1541 783 1606 interfecerat.
842 1539 974 1605 Leviori
1001 1541 1127 1608 crimini
1162 1540 1300 1606 dabatur
1336 1539 1419 1604 illud

395 1648 507 1708 τίκιειν
527 1643 564 1707 ἓν
585 1653 649 1718 τοῖς
677 1641 787 1727 ἱεροῖς,
817 1641 903 1729 quod
924 1642 1114 1730 Euripidem
1135 1645 1170 1708 in
1190 1665 1322 1710 scenam
1346 1665 1420 1728 pro
1481 1651 1489 1708 ἰ

399 1750 528 1816 duxisse
552 1747 730 1834 Aeschylus
751 1745 831 1832 (ran.
856 1745 954 1834 1080)
976 1745 1071 1812 valde
1093 1747 1255 1815 irascitur:
1286 1769 1331 1812 ne
1354 1747 1417 1812 tale

397 1847 553 1939 flagitium
576 1852 760 1932 committat,
782 1849 905 1934 mulier,
928 1873 1009 1937 quae
1034 1853 1068 1916 in
1090 1851 1165 1936 Lys.
1185 1873 1232 1915 vs.
1254 1851 1319 1914 742
1343 1874 1416 1937 par-

397 1969 464 2026 tum
486 1956 626 2037 simulat,
649 1955 706 2022 hss
727 1977 839 2041 preces
861 1953 940 2020 edit:

524 2058 670 2124 ὤπόενε
692 2058 861 2134 Είίείουι,
883 2059 1007 2140 ἐπίσχες
1026 2064 1081 2124 τοῦ
1102 2059 1206 2134 τόκου,

526 2166 585 2236 ἕως
607 2165 649 2226 ἄν
669 2162 756 2236 εἰς’
736 2179 826 2226 cosor
846 2162 966 2244 μόλω
966 2165 1011 2243 γε)
1032 2168 1158 2248 χωρίον.

398 2267 523 2334 Eodem
544 2267 658 2332 locc''
637 2291 662 2331 11
682 2266 891 2349 habebantur,
913 2269 969 2353 qui
993 2268 1075 2334 ebrii
1096 2291 1117 2334 a
1138 2271 1414 2340 comissationibus
1475 2317 1477 2320 -

397 2371 567 2440 redeuntes
589 2372 722 2440 deorum
743 2371 912 2438 simrdscr'a
933 2373 1157 2459 inquinabant:
1180 2373 1215 2438 id
1237 2374 1324 2460 quod
1347 2398 1412 2442 sae·
1488 2431 1489 2458 ,

398 2477 470 2564 pius
491 2475 721 2562 Aristophanes
741 2475 855 2542 festive
876 2479 1061 2566 perstringit
1082 2475 1136 2564 (cf.
1151 2478 1227 2544 nub
1238 2478 1312 2544 995.
1323 2502 1411 2566 vesp.
1488 2489 1489 2574 l

398 2581 471 2648 389.
493 2603 560 2646 ran
581 2579 654 2646 366.
677 2579 840 2668 Γῆραςίε.
860 2580 909 2669 3):
938 2580 996 2646 hos
1018 2582 1102 2646 enim
1124 2583 1298 2669 impietatis
1319 2606 1410 2658 socu-
1488 2595 1489 2600 ’

397 2685 461 2751 sari
490 2686 629 2772 potuisse
651 2685 758 2750 svium
786 2707 832 2750 vs
855 2685 940 2750 1054
968 2684 1124 2768 ostendit,
1155 2687 1213 2752 ubi
1241 2689 1408 2774 episcopus

398 2789 595 2855 Pisthetaero
628 2787 785 2876 ejusmodi
817 2789 946 2874 γραφὴν
972 2791 1109 2856 minatus
1144 2789 1236 2856 dicit:
1273 2791 1408 2876 plprpo'

399 2893 449 2958 dra
470 2896 522 2978 εῇς
543 2891 652 2978 στήλης
673 2889 833 2965 κατετίλας
854 2891 986 2978 ἑσπέρας
992 2922 1005 2972 ,·
1038 2895 1134 2960 ctiam
1155 2894 1307 2960 infamem
1326 2895 1405 2960 Her-

346 3045 347 3048 *
397 2997 638 3085 mooopidarum
660 3017 788 3062 causam
812 2994 874 3060 huc
902 3021 969 3063 esse
999 2997 1200 3066 referendam
1221 3021 1405 3066 commemo-

398 3125 470 3169 rare
492 3104 550 3168 vix
569 3123 699 3168 necesse
721 3109 776 3164 cst

461 3205 708 3293 Aristophanem
736 3213 842 3270 autem
861 3202 946 3270 talia'
972 3204 1114 3273 facinora
1140 3227 1302 3293 nunquam
1324 3230 1402 3274 com-

281 3295 283 3305 *
397 3311 520 3378 misisse
542 3309 678 3398 ideoque
700 3309 760 3376 hoc
781 3311 885 3395 primo
894 3311 1022 3394 γραφῆς
1034 3307 1185 3392 ἀσεβείας
1198 3333 1315 3398 genere
1330 3313 1401 3380 obli-

336 3411 338 3422 '
397 3416 467 3504 gari
487 3437 551 3482 non
571 3416 724 3502 potuisse,
747 3436 805 3502 per
825 3437 859 3480 se
881 3413 1076 3500 intelligitur.
1221 3429 1223 3432 ·
1450 3405 1455 3410 ’

462 3520 606 3604 Causae,
631 3519 746 3608 quibus
767 3519 910 3586 homines
937 3518 1054 3586 eruditi
1079 3521 1252 3606 impietatis
1274 3521 1397 3589 crimine

397 3625 554 3712 implicari
575 3634 738 3714 poterant,
759 3623 932 3692 subtilioris
954 3632 1026 3690 suut
1039 3633 1180 3688 naturas.
1223 3625 1395 3712 Boettigero

397 3730 632 3798 assentiendum
661 3738 722 3812 est,
754 3729 782 3794 si
809 3727 889 3793 duas
910 3728 1066 3813 imprimis
1088 3729 1209 3810 statuit,
1241 3751 1322 3814 quae
1341 3729 1396 3795 tale

397 3831 476 3924 quid
504 3833 673 3898 effecerint.
703 3831 794 3938 'Qui
831 3829 1095 3917 disputationibus
1127 3832 1246 3898 cultum
1275 3833 1395 3902 deorum

469 4075 512 4148 78)
534 4073 621 4128 Simili
639 4085 797 4146 argumento
816 4075 915 4129 veteris
939 4073 1060 4140 fabulae,
1090 4095 1158 4148 quse
1177 4077 1331 4148 Anagyrum
1348 4078 1393 4132 he-

397 4185 473 4221 roem
491 4165 602 4220 atticum
629 4166 688 4218 seni
713 4167 830 4229 rustico,
856 4167 902 4238 qui
927 4183 1033 4220 sacrum
1059 4167 1119 4238 ejus
1147 4169 1237 4222 lucum
1261 4164 1392 4230 occideret,

398 4255 568 4324 gravissimas
587 4271 689 4324 poenus
708 4256 833 4309 intulisse
853 4265 955 4320 narrat,
983 4255 1175 4327 Aristophanis
1191 4257 1331 4327 Ἀνάγυρος
1346 4275 1393 4327 po-

398 4347 465 4399 situs
484 4361 545 4397 esse
564 4345 679 4398 videtur.
