3040 5284
489 565 528 626 19

15 726 201 792 landestinis
224 730 321 814 orgiis
343 729 480 815 colebat,
503 732 706 808 Comicorum
726 735 940 802 cavillationes
962 738 1004 802 ef·

33 853 107 915 gere
121 854 184 896 non
197 836 425 925 potuerunt35).
468 837 491 902 J
492 859 620 902 ocosum
636 839 817 925 exemplum
829 840 882 906 ille
894 861 1004 926 vespa·

43 962 60 992 ιι
79 934 175 1000 locus
196 939 330 1036 praebet
352 943 412 1024 (vs.
435 941 524 1024 119),
553 944 609 1008 ubi
631 944 788 1024 Xanthias
809 966 919 1009 servus
934 967 1004 1010 nar-

13 1046 61 1120 at,
81 1038 315 1106 Philocleonem
338 1033 358 1108 a
378 1045 442 1111 filio
464 1047 687 1133 Korybantum
714 1050 872 1134 mysteriis
901 1050 1003 1114 initia·

31 1164 62 1204 m
83 1146 245 1232 cumipse
266 1157 419 1234 tympano
440 1153 474 1214 in
496 1151 599 1216 forum
621 1152 813 1237 confugisse:
842 1152 904 1217 alio
931 1153 1000 1218 loco

8 1243 141 1332 Lysistr.
163 1249 241 1338 557)
270 1251 422 1318 ridiculus
455 1277 565 1319 eorum
596 1277 664 1320 mos
697 1279 857 1322 armorum
888 1258 921 1320 in
951 1278 1000 1322 co·

1 1349 88 1414 enda
109 1350 171 1416 dea
190 1354 403 1438 gerendorum
430 1357 569 1424 ludibrio
597 1358 733 1424 habetur
767 1369 799 1426 et
819 1362 859 1426 in
889 1359 999 1424 eccles.

12 1475 38 1516 s.
57 1454 139 1518 1069
162 1459 300 1541 occasio,
323 1482 386 1546 qua
407 1460 513 1534 oblata
534 1463 736 1545 invocantur,
759 1465 868 1550 quanti
889 1487 999 1530 eorum

8 1560 162 1624 uctoritas
183 1562 224 1624 sit
244 1562 409 1646 faciunda,
431 1566 595 1651 significat.

55 1661 154 1726 Aliud
175 1665 356 1751 exemplum
373 1668 479 1754 justae
508 1667 591 1734 illius
615 1669 649 1732 in
670 1669 838 1755 religiones
859 1672 998 1757 peregri-
1050 1687 1055 1729 t

8 1787 47 1830 as
75 1767 142 1831 irae
169 1769 203 1832 in
232 1768 400 1856 deperdita
427 1772 607 1854 comoedia,
638 1775 690 1838 cui
717 1773 923 1840 Lemniorum
944 1797 997 1838 no·

3 1893 63 1936 aen
90 1881 159 1938 erat
179 1863 384 1960 inscriptum,
412 1878 508 1940 inest:
540 1876 749 1942 Athenienses
778 1899 820 1942 ex
849 1877 996 1960 Thracia,

6 1975 45 2040 bi
67 1975 124 2041 diu
144 1976 228 2041 bella
248 1986 427 2062 gesserant,
458 1979 613 2046 Bendidis
641 1980 720 2047 deae
749 1981 867 2049 cultum
889 2003 996 2046 seeum

14 2080 212 2144 anstulerant
232 2081 376 2168 adeoque
398 2084 429 2146 ei
450 2082 673 2169 indulgebant,
701 2093 738 2150 ut
763 2086 838 2151 novi
859 2086 996 2150 numinis

21 2206 43 2247 a
69 2183 234 2248 sacrificiis
262 2185 401 2250 ferveret
418 2185 473 2268 ὅ6).
530 2187 593 2252 Oui
612 2185 805 2273 petulantiae
827 2197 863 2254 ut
882 2188 996 2252 modus

1 2296 175 2372 oneretur,
191 2289 260 2375 jam
281 2312 364 2354 anno
384 2290 448 2355 443
463 2313 491 2356 a.
507 2289 582 2356 chr.
605 2289 754 2357 Cratinus
768 2301 864 2378 poeta
881 2291 995 2356 Thres-

1 2413 35 2455 =s
66 2391 230 2460 docuerat:
266 2394 380 2480 quibus
416 2416 512 2480 quum
541 2393 620 2460 nihil
648 2395 847 2481 profecisset,
876 2394 995 2460 Aristo·

0 2502 105 2560 tanes
126 2497 241 2562 iterum
262 2499 456 2584 nescioquo
483 2508 626 2584 tempore
655 2497 798 2584 ejusdem
825 2497 903 2562 deae
931 2497 994 2562 cul·
1067 2537 1069 2550 ι

0 2632 44 2661 ..ι
83 2625 251 2695 aggressus
280 2616 334 2672 est.
395 2605 479 2672 (tum
509 2607 651 2672 Lemniis
680 2608 797 2692 optime
826 2605 994 2692 Eupolidis

6 2715 109 2792 aptae
131 2711 310 2796 comparari
330 2719 475 2796 possunt,
506 2711 561 2795 qui
582 2711 610 2773 si
632 2731 704 2774 cum
726 2708 891 2776 Odofredo
912 2708 993 2772 Mol-

6 2834 49 2875 ro
73 2811 208 2878 facimus
220 2813 281 2900 ³⁷),
307 2814 342 2904 id
364 2821 513 2899 egerunt,
543 2821 579 2876 ut
601 2812 712 2898 Cotyis
734 2811 890 2892 Thraciae
913 2810 992 2876 deae

13 2915 90 2999 gia,
119 2916 153 2978 in
175 2917 289 3002 quibus
311 2916 495 2982 Alcibiades
516 2916 647 3004 ejusque
667 2917 746 2982 socii
774 2915 991 2996 versabantur,

1 3017 196 3082 aducerent.
668 3093 673 3104 ¹

44 3121 160 3186 Altera
180 3143 244 3204 res,
267 3145 361 3209 quam
382 3122 547 3196 irridendo
569 3121 697 3188 abolere
717 3122 854 3188 voluisse
870 3121 991 3186 Aristo·
1065 3147 1075 3201 ,s

0 3247 119 3290 anem
142 3223 226 3308 dixi,
250 3235 296 3290 est
317 3227 418 3314 turpis
440 3225 492 3290 ille
512 3226 707 3291 vaticinandi
725 3235 881 3314 quaestus,
896 3247 990 3311 quem
1063 3206 1066 3226 ⁴

44 3329 233 3395 tihomines
264 3329 343 3392 viles
372 3329 541 3394 Graeciam
572 3331 802 3416 permigrantes
833 3331 900 3394 sine
926 3328 990 3394 ullo

9 3443 66 3499 ·tu
87 3435 218 3522 impune
239 3423 406 3500 faciebant.
449 3434 524 3498 Jam
545 3433 632 3520 apud
654 3419 832 3500 Homerum
842 3433 882 3512 ³⁸)
906 3433 989 3514 μάν-

49 3662 96 3734 35)
116 3661 152 3715 cf.
170 3661 195 3714 J.
215 3660 252 3715 Η.
273 3662 353 3716 Voss.
375 3663 408 3716 ad
429 3679 520 3733 vespp.
541 3665 566 3715 9.
694 3733 695 3740 ¹
1093 3739 1095 3742 Ι

47 3751 95 3822 36)
115 3749 149 3803 cf.
168 3749 263 3820 fragm.
282 3753 312 3803 7:
344 3753 390 3806 καὶ
411 3753 454 3818 τὴν
477 3755 614 3824 κρατίστην
632 3751 748 3821 dotpov',
767 3741 796 3814 ἧς
819 3748 867 3800 νῦν
886 3745 989 3818 θερμός

0 3849 23 3889 ι’
49 3843 65 3896 ὅ
84 3842 186 3914 βωμός.

44 3931 94 4003 37)
114 3929 225 3984 Griech.
244 3919 473 4000 Literaturgesch.
491 3929 526 3994 ll,
544 3947 606 4002 pag.
625 3929 687 3983 257.

43 4021 93 4092 38)
113 4016 214 4089 Odyss.
231 4000 322 4082 XVII,
340 4019 405 4073 383:
431 4022 468 4079 τίς
488 4019 541 4091 γὰρ
560 4018 592 4085 δὴ
612 4021 699 4080 ξεῖνον
716 4016 790 4068 καλεῖ
808 4012 921 4066 ἄλλοθεν
939 4013 985 4066 αὖ·

268 4119 274 4134 “
643 4105 685 4166 τὸς
703 4100 821 4158 ἐπελθών

260 4197 342 4250 ditor
356 4197 386 4269 γ’
406 4201 430 4250 εἰ
446 4199 483 4271 μὴ
499 4199 563 4262 τῶν,
582 4199 608 4249 οἳ
625 4190 831 4267 δημιοεργοὶ
848 4191 922 4242 ἔασιν

255 4287 351 4360 μάνην
368 4286 383 4352 ἢ
402 4289 489 4360 ἰητῆρα
505 4289 595 4342 κακῶν
612 4285 743 4351 §simeo
761 4277 868 4348 decipior

258 4377 336 4443 ἣκαὶ
352 4377 450 4430 θέσπιν
468 4378 563 4430 ἀοιδόν
580 4395 603 4429 κ.
622 4395 642 4428 τ.
660 4378 683 4428 λ,

705 4469 754 4533 2*
