3040 5284
678 627 724 692 43

88 773 104 793 l
194 811 251 882 tot,
280 799 528 886 Aristophanem
548 821 711 886 nunquam
743 797 864 892 aliquid
885 799 919 862 in
941 796 1082 864 medium
1103 806 1207 884 protu-

192 905 282 988 lisse,
312 903 398 990 quod
430 903 577 990 caligini,
609 925 691 989 quae
718 902 814 968 hodie
844 904 1003 989 mysteriis
1030 903 1130 968 offirsa
1152 911 1207 985 est,

193 1013 297 1078 lucem
315 1011 480 1098 porrigere
501 1011 608 1097 possit,
630 1031 669 1073 eo
691 1009 812 1095 majore
828 1009 903 1095 jure
925 1029 1108 1072 asseverare
1122 1007 1234 1100 116631

111 1170 115 1176 .
193 1118 290 1180 etiam
311 1115 395 1180 illius
416 1116 529 1179 aetatis
550 1113 694 1178 homines
714 1112 795 1178 nihil
821 1113 855 1176 in
877 1113 945 1198 ejus
966 1111 1140 1176 comoediis
1162 1114 1208 1176 in·

194 1219 330 1301 venisse,
348 1217 523 1304 quodcum
538 1218 763 1303 mysteriorum
778 1216 1000 1280 enunciatione
1018 1215 1207 1282 conferrent.
1247 1235 1251 1242 ·

194 1321 230 1386 Si
255 1343 483 1407 nonnunquam
511 1321 545 1386 in
574 1343 688 1408 porcos
715 1321 867 1407 niyslicos
887 1321 908 1384 i
929 1341 956 1385 6.
983 1343 1052 1404 666,
1090 1321 1146 1408 qui
1174 1321 1207 1384 in

193 1429 293 1490 sacris
335 1423 535 1490 celebrandis
578 1425 711 1490 mactari
754 1423 922 1507 solebant,
965 1425 1078 1512 jocosa
1120 1426 1208 1490 dicta

188 1528 293 1614 jactat
306 1526 371 1615 15),
403 1529 430 1592 61
460 1529 494 1592 16
523 1525 610 1593 Pluti
637 1549 684 1593 vs.
705 1527 769 1593 842
790 1528 903 1592 festive
924 1529 1064 1594 traducit
1083 1551 1208 1594 sacrum

76 1639 79 1646 '
193 1630 437 1696 Atheniensium
467 1653 590 1696 morem
621 1633 774 1714 vestium,
809 1631 923 1717 quibus
957 1631 1061 1697 induti
1092 1633 1208 1697 initiati

195 1744 300 1818 erant,
336 1759 396 1800 usu
425 1734 691 1800 conterendorum
719 1747 751 1799 et
779 1734 896 1798 deinde
926 1737 1049 1802 numini
1079 1736 1208 1802 cuidam

195 1840 460 1922 dedicandorum,
495 1841 522 1904 si
554 1841 588 1904 in
608 1839 702 1904 Pacis
724 1861 785 1902 vss.
807 1839 871 1904 418
892 1861 959 1926 sqq.
987 1838 1101 1906 irridet
1121 1841 1208 1908 illam

195 1947 393 2010 initiatorum
415 1944 610 2031 opinionem,
638 1966 672 2008 se
693 1951 834 2008 mortuos
854 1944 985 2009 meliore
1006 1968 1118 2012 usuros
1140 1969 1209 2013 esse

194 2053 336 2133 fortuna,
360 2072 455 2136 quam
476 2049 554 2114 alios
575 2047 793 2136 1661166636),
814 2048 894 2114 nihil
917 2049 1012 2134 dixit,
1033 2052 1095 2115 uisi
1122 2053 1208 2139 quod
1303 2106 1310 2118 ,
1363 2027 1367 2035 ¹

193 2177 287 2220 nemo
309 2155 460 2242 profanus
481 2151 661 2240 ignorabat:
690 2153 730 2216 iis
753 2155 855 2238 enim,
882 2176 960 2240 quos
987 2164 1023 2219 ut
1048 2157 1209 2222 initiaren-
1239 2199 1245 2220 .

81 2287 83 2292 ·
194 2269 248 2324 tur
270 2258 384 2341 μύσται
406 2279 607 2323 commovere
628 2256 794 2340 volebant,
822 2257 978 2344 ejusmodi
998 2262 1154 2346 promissa
1174 2274 1210 2328 ut

195 2384 301 2428 escam
322 2363 485 2448 proposita
507 2383 575 2426 esse
596 2382 660 2426 non
681 2369 729 2425 est
750 2383 808 2426 cur
830 2360 1019 2427 dubitemus.

259 2465 311 2530 Ita
330 2466 430 2552 igitur
450 2474 579 2552 poetam
598 2473 741 2530 nostrum
761 2465 933 2552 impietatis
946 2467 1071 2531 crimini
1087 2463 1209 2534 nullum

159 2598 161 2606 ’
195 2569 300 2635 locum
321 2568 486 2655 reliquisse
507 2568 670 2634 videmus:
694 2569 764 2654 jam
793 2578 900 2633 autem
922 2577 957 2634 ut
977 2569 1118 2656 undique
1140 2593 1208 2635 rem

158 2741 163 2754 .
195 2673 439 2760 amplectamur,
471 2673 582 2760 paucis
613 2671 721 2737 verbis
755 2665 989 2758 exquirendum
1025 2682 1088 2755 est,
1122 2673 1209 2738 unde

195 2776 396 2862 1116γραφὴ,
420 2777 447 2840 61
468 2798 608 2862 unquam
630 2798 739 2840 ansam
759 2777 790 2840 ei
812 2775 964 2860 dedisset,
990 2777 1130 2841 maxime
1152 2777 1209 2842 im-

196 2882 339 2946 mineret

231 3001 233 3006 '
261 2985 337 3051 Sine
372 2983 470 3050 dubio
500 2981 759 3070 respondendum
790 2991 853 3066 est,
883 2982 1083 3051 adversarios
1104 2987 1140 3052 in
1160 3010 1209 3054 re·

196 3088 325 3176 publica
344 3085 649 3169 administranda⁸⁷)
674 3095 706 3152 et
727 3085 908 3152 sacerdotes
930 3087 982 3152 vel
1002 3087 1146 3156 homines
1167 3092 1209 3158 ab

197 3288 302 3345 Dianae
330 3298 460 3356 matrem,
491 3292 621 3348 Latonam
645 3303 736 3348 autem
761 3293 821 3364 ejus
846 3293 981 3348 nutricem
1007 3312 1068 3351 esso
1093 3296 1210 3368 fingeret

198 3376 289 3450 (Pauo.
310 3377 383 3446 Vlll,
402 3381 446 3446 37,
464 3382 490 3435 3.
516 3381 551 3435 61.
580 3380 707 3438 Herodot
726 3381 760 3448 ll,
782 3382 841 3455 156)
866 3391 914 3438 aut
943 3384 1060 3458 deniqne
1085 3385 1112 3438 id
1136 3389 1210 3459 quod

199 3468 263 3522 mihi
281 3469 504 3524 verisimillimum
523 3471 643 3538 ridetur,
664 3474 698 3527 ad
717 3474 790 3528 alind
809 3482 947 3539 eventum,
966 3475 1040 3546 quod
1061 3474 1119 3546 ejus
1138 3477 1208 3532 ritae

198 3569 293 3614 auctor
311 3561 383 3614 inter
401 3561 474 3614 exilii
491 3579 585 3616 causas
606 3573 760 3618 enumerat:
779 3562 948 3636 Aeschylum
966 3573 1019 3617 tam
1038 3563 1208 3638 frequentem

198 3647 380 3702 Eumenidum
408 3649 520 3704 chorum
549 3649 677 3716 6661666,
703 3659 744 3706 ut*
760 3651 878 3706 inientes
901 3651 1004 3705 animas
1032 3655 1209 3726 exspirarent,

198 3739 377 3810 gravidaeque
396 3739 468 3793 fetus
487 3739 647 3810 abjicerent.

272 3828 318 3900 85)
337 3827 371 3881 61.
390 3826 461 3882 Aeh.
480 3830 543 3885 745.
561 3831 624 3884 764.
641 3825 705 3884 Ρ66.
725 3831 788 3886 374.
806 3847 864 3884 ran.
883 3831 946 3886 337.

267 3915 314 3990 86)
333 3914 477 3992 Praeterea
506 3920 695 3990 mysteriorum
718 3920 905 3977 insontissimo
930 3921 1010 3976 modo
1036 3922 1137 3978 mentio
1165 3922 1208 3976 lit:

198 4023 291 4078 raspp.
313 4005 390 4060 1363.
410 4005 475 4060 661).
497 4009 556 4064 143.
575 4026 633 4062 ran.
656 4009 705 4063 155
725 4026 784 4082 sqq.
803 4010 856 4066 353
876 4028 934 4082 sqq.
953 4011 1016 4066 886.
1035 4007 1107 4064 Plut.
1129 4010 1207 4068 101³.
1320 4011 1324 4023 '

272 4093 317 4166 87)
337 4093 372 4147 61.
399 4092 594 4161 Wachsmuth,
620 4096 790 4152 helleniselre
813 4096 1074 4152 Alterthumslrunde
1098 4095 1124 4164 1,
1148 4117 1209 4171 pag.
1325 4089 1329 4133 l

199 4185 264 4238 597:
298 4182 487 4255 ι1166636366
508 4187 564 4240 und
583 4183 778 4259 Syiophantcn
798 4187 984 4258 gebrauchlen
1004 4187 1051 4242 das
1068 4187 1209 4261 1161131666

198 4275 226 4328 16
245 4274 337 4328 seinar
354 4272 533 4347 Verbindnng
556 4277 605 4332 mit
628 4279 690 4333 dem
714 4275 881 4332 Politischen
907 4279 947 4332 als
972 4276 1076 4344 Helen,
1100 4297 1145 4334 um
1164 4280 1209 4334 die

197 4365 297 4435 Menge
317 4367 345 4419 in
363 4361 493 4436 Gihrung
518 4383 550 4420 zu
577 4375 680 4422 sctzen.
723 4366 775 4421 Die
801 4368 893 4440 γραφὴ
912 4368 1031 4439 ἀσεβείας
1055 4371 1106 4444 gab
1125 4369 1209 4426 ihnen
1291 4425 1293 4430 ,
1341 4369 1345 4420 ἱ

199 4455 244 4508 616
263 4455 370 4509 reiches
390 4451 472 4520 Feld,
490 4452 548 4536 ihre
569 4452 660 4510 llaohe
680 4473 714 4510 ru
733 4453 840 4510 fiben.''
