3040 5284
463 597 483 640 ’·
553 629 593 692 37

55 827 129 868 eum
155 805 365 891 impietatem·
379 805 548 890 omniaque
570 806 650 870 vitia
670 807 788 870 acriter
802 807 990 870 insectatum
1012 825 1080 870 esse

54 907 242 972 ostendunt
279 907 345 974 Sed
364 908 417 972 hie
438 931 502 974 non
522 920 572 974 est
593 910 842 976 subsistendum:
864 918 991 974 exstant
1005 931 1080 976 non·

54 1013 135 1078 nulii
160 1013 244 1096 loci,
266 1015 411 1098 quamvis
432 1015 624 1100 paucissimi,
649 1014 764 1100 quibus
786 1023 881 1101 poe'ta
902 1036 965 1078 non
978 1013 1080 1078 solum

54 1120 181 1204 injusta
203 1119 326 1182 ratione
347 1118 512 1204 neganda,
544 1119 579 1182 id
607 1118 692 1205 quod
721 1119 800 1184 aliae
825 1119 931 1183 faeere
954 1139 1080 1205 semper

53 1223 155 1306 solet,
181 1220 240 1285 sed
262 1223 357 1286 etiam
378 1243 457 1286 vera
478 1221 698 1309 proponenda,
730 1222 807 1308 quid
831 1219 871 1286 de
893 1220 1010 1287 divinis
1031 1243 1079 1286 re-

54 1327 114 1390 bus
134 1325 280 1412 judicet,
302 1324 395 1389 nobis
416 1325 545 1390 indicat.

121 1431 363 1514 Cogitationem
380 1415 522 1496 ¹numinis
552 1430 717 1518 cujusdam
746 1417 813 1493 aa?
834 1429 964 1514 ἐξοχήν,
998 1452 1079 1515 quae

49 1537 120 1620 jam
151 1533 241 1621 apud
270 1535 447 1599 Homerum
468 1535 709 1623 Hesiodumque
739 1540 965 1622 nonnunquam
987 1533 1079 1597 nobis

54 1640 216 1720 occurrit,
238 1638 279 1702 ab
301 1659 339 1702 eo
360 1639 490 1702 minime
512 1639 648 1703 alienam
670 1640 776 1722 firisse,
799 1640 968 1703 enunciata
989 1647 1024 1701 ut
1038 1638 1078 1717 ἤν

56 1744 139 1818 θεὸς
168 1739 252 1829 θέλῃ
282 1745 364 1828 (pao.
386 1743 458 1806 939.
483 1743 575 1807 1181.
602 1743 680 1829 plut.
701 1743 775 1807 341.
799 1741 919 1830 1188),
949 1741 979 1802 ei
998 1737 1078 1813 θεός

54 1845 157 1908 θέλοι
180 1850 259 1924 (ran.
283 1846 373 1927 533),
395 1845 453 1907 rev
475 1847 545 1930 9εῷ
567 1844 598 1908 δ’
617 1843 771 1930 εἰρήσεται
794 1842 885 1932 (plut.
911 1845 982 1925 114)
1004 1843 1077 1907 alia-

55 1973 119 2037 que
156 1949 272 2014 similia
308 1949 359 2031 (of.
395 1951 502 2034 equitt
530 1950 602 2014 229.
638 1971 707 2036 pac.
740 1949 832 2013 1140.
862 1947 954 2014 1143.
986 1947 1077 2012 1158.

53 2055 173 2120 theona
185 2053 270 2132 684.)
294 2052 503 2138 comprobant
523 2075 582 2117 neo
604 2055 708 2119 minus
725 2051 812 2142 Τύχῃ
835 2054 902 2118 sive
915 2053 1077 2118 Fortunae

54 2160 282 2225 auctoritatem
305 2156 470 2242 quandam
487 2177 559 2222 eum
580 2157 730 2224 tribuisse
753 2181 795 2224 ex
816 2179 886 2245 pao.
908 2159 981 2224 360.
1004 2157 1075 2222 939.

54 2285 105 2326 av.
132 2261 208 2326 544
233 2259 506 2325 lalaconite]
530 2261 730 2346 perspicitur.

120 2365 234 2431 Etiam
263 2365 297 2428 in
324 2363 434 2450 lyricis
463 2363 525 2427 illis
548 2363 638 2428 chori
660 2363 871 2448 carminibus,
903 2387 985 2451 quae
1006 2387 1076 2452 per-

55 2493 159 2560 saepe
182 2469 380 2556 precationes
408 2467 460 2532 vel
488 2467 623 2554 hymnos
645 2470 815 2555 purissimo
836 2471 941 2556 poesis
963 2472 1077 2557 spiritu

55 2578 186 2641 afflatos
207 2575 383 2653 continent,
413 2572 485 2658 pius
510 2581 624 2658 potitae
651 2574 775 2638 animus
804 2573 962 2637 elucescit.
1015 2574 1075 2639 Oa-

55 2679 203 2758 vendum
225 2688 287 2762 est,
308 2699 349 2741 ne
370 2675 427 2752 has
450 2676 633 2742 comoediae
654 2661 777 2764 partes,
800 2699 882 2764 quae
904 2701 924 2740 a
944 2679 1076 2763 propria

56 2787 129 2871 ejus
153 2793 268 2848 name
288 2790 454 2868 tantopere
475 2780 648 2848 abhorrere
669 2781 835 2861 videntm,
862 2791 982 2860 temere
1004 2803 1075 2846 can-

55 2891 199 2954 ticorum
220 2886 414 2969 tragicorum
436 2883 606 2970 παρῳδίαν
635 2907 704 2950 esse
733 2906 924 2950 censeamus.
968 2884 1076 2966 Quum

56 3015 100 3056 ex
125 2989 242 3058 eodem
264 2989 405 3068 fontan)
437 3000 469 3054 et
499 2988 696 3054 comoediam
726 2998 758 3054 et
777 2987 977 3074 tragoediam
1005 3011 1076 3076 pro·

57 3097 181 3161 factam
204 3111 271 3155 esse
294 3101 431 3176 constet,
459 3091 504 3158 nil
532 3093 714 3159 mirandum
741 3103 805 3178 est,
835 3093 921 3181 quod
942 3102 1076 3182 uterque

56 3197 207 3286 ejusdem
236 3195 344 3281 stirpis
370 3217 476 3261 ramus
504 3197 559 3262 illa
581 3199 718 3281 cantica,
753 3221 835 3285 quae
863 3200 897 3264 in
922 3201 1076 3286 primaria

56 3302 217 3369 dramatis
238 3300 340 3366 forma
366 3302 500 3366 maximi
526 3305 678 3368 momenti
704 3302 800 3368 fuisse
828 3304 987 3387 novimus,
1019 3326 1074 3370 suo

51 3411 132 3494 jure
154 3405 283 3470 alterius
303 3403 422 3468 nullam
443 3405 599 3469 rationem
620 3405 741 3471 habens
762 3403 955 3494 propagarit

126 3508 278 3574 Attamen
299 3516 395 3595 poeta
416 3507 616 3572 dialecticam
637 3531 713 3572 suae
724 3507 836 3574 aetatis
854 3508 1074 3587 eruditionem,

59 3636 161 3702 quam
182 3633 277 3700 saepe
306 3615 461 3678 acerrime
491 3611 691 3698 aggreditur,
720 3635 784 3678 non
812 3611 905 3699 plane
935 3611 1074 3696 effugere

58 3720 177 3808 potuit,
199 3719 256 3782 sed
276 3739 503 3804 nonnunquam
524 3716 566 3781 ad
580 3715 755 3782 refellenda
765 3715 976 3803 sophistarum
991 3735 1075 3782 nova

59 3831 236 3912 praecepta
257 3823 328 3908 ipsa
350 3843 459 3886 eorum
489 3829 557 3886 arte
579 3821 687 3886 utitur.
729 3821 900 3886 Praeterea
920 3843 984 3886 non
1007 3843 1074 3885 cer·

129 4081 179 4154 ⁴74)
199 4079 277 4144 Soio,
302 4077 457 4148 tragoediae
482 4079 616 4148 originem
643 4079 676 4133 ad
700 4077 822 4144 Lenaee,
854 4077 1011 4133 comoediae
1038 4077 1071 4132 ad

61 4171 163 4226 rustica
181 4167 311 4238 Dionysia
331 4167 501 4222 referendam
520 4185 581 4221 esse
601 4167 646 4239 (cs.
667 4167 749 4222 Ottir.
768 4166 876 4232 Miiller,
896 4166 998 4238 grisch.
1019 4164 1069 4218 Lit.

62 4257 158 4332 gesch.
177 4253 212 4321 ll,
236 4274 297 4327 pag.
319 4256 395 4326 tam:
424 4265 527 4320 tamen,
552 4273 635 4329 quum
660 4256 704 4311 hie
730 4257 764 4312 de
791 4256 883 4326 lyrioit
908 4254 1070 4310 carminibus

64 4357 173 4419 agatur,
193 4364 262 4418 quae
283 4347 424 4418 utriusque
443 4345 518 4400 illius
537 4348 625 4401 cuitus
644 4357 737 4417 partes
756 4356 848 4409 eraut,
868 4346 1024 4414 tragoediae
1044 4352 1072 4398 et

65 4437 222 4493 comoediae
242 4437 359 4491 eundem
380 4437 481 4490 sontem
503 4436 587 4492 fuisse
608 4439 773 4492 contendere
792 4438 865 4494 litet.
