3040 5284
830 531 871 596 10

337 727 409 774 rum
425 706 588 791 jurantem
610 727 669 792 per
689 706 823 790 Jovcm,
845 705 1037 794 Apollinem,
1060 705 1213 771 Cererem
1231 706 1283 790 ¹²),
1307 704 1369 771 So

338 815 459 872 erotem
480 827 539 892 pro
561 829 619 872 sua
640 807 794 894 religione
822 817 888 874 tres
923 806 1135 895 jurisjurandi
1171 815 1269 871 testes
1299 808 1365 872 eibi

337 913 520 999 fingentem,
542 913 798 1002 τῆνἈναπνοήν,
823 917 857 980 τὸ
879 916 986 994 Koios,
1009 917 1065 982 τὸν
1078 915 1174 1002 Ἀἐροι
1188 918 1247 1001 ¹⁵),
1269 941 1296 982 οι
1315 919 1365 982 vi-

327 1013 462 1104 demus,
484 1023 547 1086 tria
569 1021 624 1086 illa
644 1024 783 1106 numina,
806 1045 888 1110 quae
905 1021 1023 1087 Pollux
1044 1021 1063 1086 l.
1082 1021 1102 1085 l.
1122 1030 1363 1102 commemorat,

335 1123 415 1188 nihil
437 1124 525 1190 aliud
547 1147 628 1209 esse,
653 1149 749 1214 quam
770 1129 834 1192 tria
856 1125 999 1213 ejusdem
1030 1123 1082 1189 dei
1104 1123 1245 1219 epitheta
1281 1123 1362 1212 [iae-

336 1243 419 1304 orov,
451 1227 651 1313 καθάρσιον,
685 1227 909 1317 ἐξακεστῆρα],
942 1251 1130 1316 persuasum
1168 1227 1261 1292 nobis
1289 1237 1359 1294 esse

335 1351 465 1394 necesse
488 1338 549 1414 est,
571 1333 606 1394 in
627 1330 873 1396 Atheniensium
890 1330 1102 1417 jurejurando
1138 1351 1202 1394 non
1232 1331 1286 1414 agi
1316 1329 1358 1394 de

333 1431 437 1496 tribus
458 1433 643 1498 numinibus
665 1435 761 1498 certis
785 1456 823 1498 ao
846 1433 1001 1516 definitis,
1025 1455 1106 1520 quae
1129 1433 1170 1497 ob
1193 1433 1357 1517 egregiam

334 1537 557 1600 auctoritatem
580 1559 708 1623 semper
729 1545 817 1602 tanto
838 1536 958 1602 honore
980 1537 1199 1619 afficerentur,
1233 1536 1290 1600 sed
1314 1535 1356 1598 de

333 1638 459 1725 triplice
482 1647 605 1704 tantum
627 1662 736 1705 eorum
759 1663 902 1707 numero.
963 1693 966 1700 ,

397 1741 536 1808 Accedit
568 1753 674 1809 autem
703 1743 804 1828 aliud,
841 1743 927 1831 quod
961 1743 1077 1808 Jovem
1106 1739 1242 1805 Athenis
1271 1738 1356 1804 θεὸν

333 1849 483 1930 πατρῷον
505 1847 601 1912 fuisse
617 1870 735 1932 negare
745 1871 803 1914 nos
815 1856 921 1933 cogat:
943 1845 1035 1912 Plato
1049 1847 1082 1909 in
1093 1844 1299 1930 Euthydemo
1311 1844 1353 1932 ¹4)

335 1946 462 2014 disertis
484 1950 593 2015 verbis
616 1953 762 2038 exponit,
795 1950 1007 2018 Athenienses
1032 1953 1095 2012 Alo
1116 1951 1267 2035 πατρῷον
1287 1971 1352 2014 non

318 2050 476 2116 ¹coluisse.
538 2053 670 2138 Tragici
692 2054 823 2139 quidem
844 2064 958 2140 poetae
980 2055 1107 2141 saepius
1128 2054 1189 2118 hoc
1212 2054 1352 2140 epitheto
1381 2073 1385 2086 ³

332 2154 448 2220 Jovem
472 2162 679 2218 ornaverunt:
711 2154 768 2218 sed
790 2154 832 2219 ad
854 2165 995 2220 nostram
1028 2158 1245 2242 quaestionem
1273 2155 1352 2220 nihil

323 2255 441 2322 'valere
462 2265 567 2343 potest
588 2256 643 2322 illa
665 2263 831 2343 poetarum
853 2256 997 2340 licentia,
1027 2279 1127 2344 quum
1155 2267 1210 2323 aut
1236 2259 1351 2323 aliena-

332 2381 404 2425 rum
426 2367 603 2444 terrarum,
625 2359 740 2446 quibus
763 2382 798 2424 re
820 2381 899 2424 vera
920 2358 1002 2434 Ζεὺς
1023 2368 1107 2424 esset
1125 2363 1282 2446 πατρῷος,
1306 2363 1350 2425 in-

331 2462 416 2528 colas
437 2462 497 2526 hac
519 2485 599 2528 voce
620 2471 745 2528 utentes
766 2461 937 2549 fingerent,
966 2471 1022 2527 aut
1047 2462 1167 2528 frustra
1193 2463 1274 2528 illud
1295 2487 1349 2530 no·
1380 2494 1392 2500 ·

330 2588 404 2631 men
438 2568 534 2631 ctiam
561 2566 705 2634 Athenas
736 2569 941 2634 introducere
972 2567 1138 2632 studerent
1156 2567 1207 2654 15);
1250 2592 1348 2656 quare

329 2671 524 2736 recentiores
546 2673 737 2759 interpretes
758 2683 846 2738 recte
867 2672 1010 2738 Nubium
1034 2671 1270 2754 versum1468‚
1292 2673 1348 2738 uhi

330 2773 531 2864 Strepsiadcs
552 2779 687 2865 impium
708 2779 809 2844 filium
831 2781 877 2843 ita
899 2777 1065 2843 admonet:

386 2928 390 2932 -
440 2882 509 2954 νοςί,
533 2885 587 2942 ναὶ
609 2880 833 2964 καταιδέσθητι
855 2883 1005 2966 πατρῷον
1023 2882 1102 2953 Ata,

328 3001 371 3043 ex
392 2981 561 3066 tragoedia
582 2967 709 3066 aliqua,
731 2982 864 3045 fortasse
884 2982 1064 3067 Euripidis,
1093 2987 1130 3043 ut
1150 2978 1251 3040 Porso
1274 2999 1346 3041 con·

322 3083 412 3169 jioit,
435 3083 664 3170 depromptum
683 3105 752 3147 esse
774 3092 972 3146 censuerunt.
1029 3080 1118 3144 Nihil
1149 3087 1255 3142 autem
1288 3101 1346 3142 nos

327 3186 478 3272 impedit,
510 3187 678 3271 quominus
699 3185 811 3250 scholii
837 3184 943 3248 eidem
964 3183 1033 3247 loco
1056 3179 1225 3266 adscripti,
1258 3177 1345 3263 quod

298 3273 303 3280 ’
327 3287 473 3374 pluribus
494 3288 602 3354 verbis
624 3287 787 3376 explicare
809 3286 930 3370 studet,
961 3309 1019 3351 cur
1040 3308 1103 3350 non
1127 3282 1227 3349 solum
1248 3279 1346 3368 Apol-

316 3389 439 3474 .linem,
460 3391 519 3456 sed
543 3393 639 3456 etiam
661 3392 779 3458 Jovem
801 3391 950 3477 πατρῷον
977 3389 1189 3461 Athenienses
1214 3407 1346 3452 venera·

399 3653 441 3724 ιο)
461 3653 558 3725 equis.
577 3653 638 3708 941.
712 3643 716 3654 ’

344 3833 348 3842 ¹
400 3759 442 3832 13)
462 3759 528 3812 nuh.
549 3762 610 3814 626.

400 3865 443 3938 ll)
461 3881 523 3935 με.
542 3866 605 3918 302.
625 3861 664 3918 Cr
688 3865 743 3918 elta
764 3866 819 3922 τοῖς
841 3863 944 3928 ἄλλοις,
970 3865 1035 3934 ἔφη,
1061 3862 1209 3928 Ἀθηναίοις
1228 3857 1276 3911 οὐκ
1294 3859 1346 3912 ἔστι

325 3958 394 4018 Zeis
412 3957 426 4009 ὅ
444 3956 579 4027 πατρῷος
599 3953 654 4008 Οὐκ
672 3955 752 4016 ἔστιν,
779 3947 810 4018 ἦν
835 3953 932 4024 δ’ἰγοὶ,
959 3951 1022 4019 αὕτη
1044 3953 1059 4020 ἦ
1086 3953 1226 4022 ἐπωνυμία
1249 3948 1347 4001 Ἰώνων

328 4049 429 4112 οὐδενὶ,
449 4046 509 4102 οὔδ’
529 4045 587 4103 ὅσοι
609 4049 636 4100 ἐκ
662 4045 733 4110 rheda
756 4044 860 4106 πόλεως
878 4045 1059 4117 ἀπῳκισμένοι
1077 4047 1157 4106 εἰσιν,
1189 4041 1252 4094 οὐδ’
1273 4040 1345 4112 ἡμῖν,

326 4138 392 4194 ἀλλὰ
408 4138 540 4190 Ἀπόλλων
557 4136 692 4206 πατρῷος,
717 4132 764 4186 διὰ
781 4133 826 4200 τὴν
844 4135 889 4188 τοῦ
909 4134 1000 4196 Ἴωνος
1017 4137 1128 4206 γένεσιν.
1159 4130 1226 4191 Ζεὺς
1251 4129 1346 4201 δ’ἡμῖν

326 4229 450 4299 πατρῷος
467 4227 518 4297 μὲν
537 4223 568 4280 οὐ
586 4227 715 4286 καλεῖται,
734 4221 834 4292 ἕρκειος
851 4225 880 4278 ds*
897 4224 943 4278 nol
962 4223 1090 4295 φράτριος
1108 4222 1192 4274 aral.
1248 4225 1257 4286 j

404 4339 443 4410 15)
465 4337 499 4391 ol.
521 4332 635 4388 Person.
656 4334 690 4387 ed
709 4327 777 4382 Eur.
797 4333 871 4390 Med,
895 4334 971 4388 1314,
