3040 5284
926 489 964 552 18

443 661 560 729 anum?
609 659 713 740 Quem
743 655 847 720 locum
879 655 1046 742 quominus
1084 673 1157 718 cum
1186 652 1330 740 Bergkio
1347 652 1438 734 ⁵¹)od

443 763 642 852 deperditam
668 757 885 840 comoediam,
924 757 976 822 cui
1012 757 1172 822 Horarum
1199 757 1310 822 titulus
1349 757 1439 820 inscri-

441 881 514 960 ptus
535 875 612 950 erat,
632 865 815 946 referamus,
836 861 914 926 nihil
936 861 1055 944 obstet,
1075 862 1121 926 ita
1141 869 1177 926 ut
1196 859 1308 927 addito
1330 861 1440 943 lumine,

397 1043 401 1052 ,
442 971 528 1064 quod
549 994 652 1061 pauca
681 971 749 1058 ejus
774 967 952 1052 fragmenta
978 967 1026 1030 rei
1055 967 1238 1052 porrigunt,
1273 965 1441 1030 fortassee

440 1099 517 1148 vero
546 1099 610 1144 non
635 1075 728 1141 nimis
758 1071 895 1138 alienum
921 1070 976 1151 eit,
1006 1067 1092 1156 quod
1120 1091 1276 1135 nonnemo
1308 1068 1441 1154 conjecit,

442 1185 637 1268 Minervam,
660 1200 743 1266 quae
764 1177 870 1242 Horae
891 1175 1022 1240 comites
1043 1173 1326 1260 sibiadjunxerit,
1349 1174 1383 1236 in
1402 1170 1443 1234 ills

440 1285 606 1354 comoedia
627 1285 804 1369 priscorum
827 1278 959 1343 deorum
979 1279 1199 1342 auctoritatem
1221 1285 1338 1342 contra
1360 1275 1442 1340 Saba·

439 1393 523 1456 nium
545 1385 723 1453 defendisse
745 1407 783 1448 ac
804 1392 963 1470 postremo
985 1383 1143 1466 effecisse,
1170 1389 1207 1446 ut
1233 1381 1279 1446 dii
1311 1379 1443 1447 adventi·

440 1497 481 1560 cii
502 1517 522 1558 a
540 1491 705 1584 judicibus
732 1486 934 1552 condemnati
964 1508 981 1550 e
1008 1487 1137 1550 civitate
1169 1486 1375 1572 ejicerentur.
1414 1483 1443 1546 Iu

439 1597 635 1686 lepidissima
654 1593 710 1658 illo
729 1593 930 1680 precatione,
963 1613 1044 1677 quae
1067 1590 1199 1656 deorum
1221 1591 1340 1675 cuique
1362 1611 1443 1654 aven

391 1679 394 1709 Ι
439 1703 600 1770 substituit
612 1699 672 1784 52),
703 1696 907 1784 peregrinum
930 1693 1057 1759 Sabanii
1087 1716 1187 1778 genus
1214 1717 1252 1759 eo
1282 1693 1445 1768 indicatur,

439 1805 526 1896 quod
555 1827 628 1870 cum
657 1798 799 1887 φρυγίλῳ
829 1800 882 1864 avi
911 1799 1122 1884 conjungitur.
1179 1798 1219 1864 In
1248 1797 1388 1884 Lysistr.
1410 1817 1445 1857 vs.

438 1912 500 1976 387
518 1911 559 1994 ⁵⁵)
602 1904 760 1971 Probulus
789 1903 956 1968 mulierum
997 1903 1223 1988 procacitatem
1251 1900 1386 1968 Sabauii
1408 1921 1446 1962 or·

439 2017 500 2102 giis
520 2012 650 2091 tribuit,
685 2031 766 2094 quae
798 2008 879 2073 adeo
903 2007 957 2072 illa
979 2015 1081 2072 aetate
1103 2005 1348 2072 Atheniensium
1377 2024 1447 2070 uxo

439 2141 490 2184 res
519 2113 727 2193 adamabant,
764 2121 799 2175 ut
831 2111 1010 2196 Lysistrata
1036 2113 1106 2196 ipsa
1142 2109 1201 2197 (vs.
1229 2113 1260 2193 1)
1296 2113 1386 2178 irata
1414 2108 1451 2172 de·

437 2223 626 2288 feminarum
648 2215 846 2280 cunctatione
870 2213 1007 2296 diceret,
1030 2215 1057 2278 si
1079 2219 1253 2294 Βακχεῖον,
1282 2216 1373 2303 quod
1402 2214 1447 2278 hic

437 2325 524 2390 idem
545 2321 623 2386 mihi
645 2341 712 2384 esse
733 2317 861 2382 videtur
883 2339 956 2380 cum
986 2317 1082 2402 orgiis
1103 2318 1263 2384 bacchicis
1270 2369 1279 2402 ,
1308 2321 1447 2386 celebre·

438 2440 528 2496 burae
551 2431 670 2507 essent,
692 2445 787 2509 quam
808 2422 1026 2486 maximeeas
1047 2421 1248 2488 festinaturas
1269 2425 1387 2507 finisse,
1421 2424 1449 2486 in

439 2533 535 2599 rebus
555 2529 674 2595 severis
700 2535 807 2592 sutem
837 2547 963 2612 semper
991 2547 1058 2590 esse
1087 2525 1203 2592 tardas.
1259 2529 1299 2592 ln
1331 2530 1449 2614 Vespp¹

438 2661 484 2710 vs,
507 2633 664 2726 leodem
685 2631 755 2696 loco
777 2627 948 2694 collocatur
969 2628 1003 2692 cd
1025 2631 1235 2714 κορυβαντιᾶν
1263 2641 1295 2695 et
1325 2655 1364 2698 ea
1396 2632 1451 2710 vis,

437 2761 533 2829 quam
555 2737 708 2804 Sabazius
729 2733 772 2800 ad
792 2735 932 2798 animum
953 2741 1083 2798 exercet
1095 2733 1148 2816 ³4).
1191 2733 1286 2816 Quod
1304 2735 1348 2800 ad
1365 2737 1452 2822 ipsos

438 2837 641 2931 Korybantes
663 2841 789 2921 attinet,
816 2837 1013 2902 turbulentas
1034 2840 1222 2926 insanasque
1253 2861 1365 2918 eorum
1388 2839 1452 2904 cul-

436 2958 488 3012 tus
521 2943 708 3009 cerimonias
740 2941 812 3026 plus
840 2939 937 3003 semel
970 2941 1087 3004 acriter
1119 2943 1305 3027 perstringit
1339 2952 1470 3030 poeta:

437 3049 582 3136 quamvis
603 3046 689 3108 enim
711 3042 869 3128 Cybelae,
890 3063 1024 3126 magnae
1040 3042 1171 3108 deorum
1184 3047 1292 3130 matri,
1313 3045 1454 3112 Athenis

439 3156 472 3215 in
492 3148 622 3236 μητρῴῳ
651 3145 781 3233 publica
808 3167 899 3208 sacra
928 3153 1033 3208 essent
1060 3145 1216 3232 instituta,
1243 3157 1349 3214 nmen
1380 3150 1453 3234 ejus

437 3255 522 3322 servi
544 3275 582 3316 ac
604 3253 747 3332 comites,
768 3248 982 3335 Korybamtes,
1003 3269 1081 3334 quos
1096 3251 1204 3316 infima
1217 3261 1338 3318 tantum
1355 3251 1472 3356 plebe¹

509 3509 555 3582 31)
573 3505 733 3579 Fragmenta
753 3529 814 3581 pag.
833 3513 894 3567 282.

508 3598 553 3670 32)
572 3597 638 3653 Aur.
657 3599 710 3654 865
729 3617 786 3672 sqq.

509 3691 556 3753 33)
573 3684 615 3761 'dp‘
635 3693 765 3761 ἐξέλαμψε
783 3691 833 3744 τῶν
850 3693 985 3762 γυναικῶν
1001 3691 1016 3755 ἧ
1034 3690 1116 3760 τρυφὴ
1136 3687 1179 3759 χώ
1197 3686 1381 3758 τυμπανισμὸς
1402 3693 1453 3761 χοὶ

436 3776 532 3827 πυκνοὶ
549 3775 727 3842 Σαβάζιοι.

509 3861 554 3932 34)
573 3859 661 3914 Simili
681 3862 760 3915 modo
781 3861 911 3916 Sabazius
931 3872 959 3917 et
977 3863 1102 3934 Korybas
1121 3865 1322 3937 conjunguntur
1339 3863 1368 3916 in
1386 3862 1452 3918 Lu-

438 3953 509 4006 ciuui
529 3952 642 4006 deorum
661 3953 778 4006 coneilio
797 3952 861 4026 (lx,
881 3954 956 4027 533)ι
976 3955 1056 4009 etiem
1075 3953 1240 4011 lamblichus
1258 3953 1329 4026 (περὶ
1344 3971 1452 4025 μυστη-

438 4047 506 4112 ρίων
535 4037 582 4104 lll,
613 4040 654 4113 10)
686 4040 875 4112 Korybsntum
909 4041 1072 4116 Sabaziique
1098 4045 1286 4116 cognationem
1312 4042 1450 4114 quandam

438 4133 532 4185 statuit
550 4131 592 4184 his
612 4148 677 4184 usus
695 4133 799 4186 verbis:
823 4134 873 4187 miv
885 4135 1064 4204 Κορυβάντων
1082 4133 1241 4208 φρονρντική
1258 4151 1315 4192 πως
1332 4131 1346 4197 ἡ
1365 4131 1450 4186 δύνα-

435 4241 483 4290 μις
498 4223 544 4272 καὶ
561 4222 739 4289 turnasset,
758 4223 803 4276 τοῦ
820 4226 953 4292 Σαβαζίου
972 4227 1000 4278 di
1022 4229 1060 4286 εἰς
1082 4223 1271 4297 pangam-zat
1289 4221 1449 4293 ἀποκαθάρ-

435 4327 487 4368 σεις
504 4311 600 4380 ψυχῶν
616 4312 662 4363 καὶ
678 4312 762 4373 λύσεις
772 4315 893 4366 παλαιῶν
906 4314 1060 4386 μηνιμάτων
1075 4315 1214 4370 οἰκειότατα
1229 4309 1447 4382 παρεσκεύασται.
