<?xml version="1.0" encoding="UTF-8"?>
<!DOCTYPE html PUBLIC "-//W3C//DTD XHTML 1.0 Transitional//EN"
    "http://www.w3.org/TR/xhtml1/DTD/xhtml1-transitional.dtd">
<html xmlns="http://www.w3.org/1999/xhtml" xml:lang="en" lang="en">
 <head>
  <title>
</title>
<meta http-equiv="Content-Type" content="text/html;charset=utf-8" />
  <meta name='ocr-system' content='tesseract 3.04.00' />
  <meta name='ocr-capabilities' content='ocr_page ocr_carea ocr_par ocr_line ocrx_word'/>
</head>
<body>
  <div class='ocr_page' id='page_1' title='image "./deveterecomoedi00behagoog_0039.png"; bbox 0 0 3040 5284; ppageno 0'>
   <div class='ocr_carea' id='block_1_1' title="bbox 918 464 959 528">
    <p class='ocr_par' dir='ltr' id='par_1_1' title="bbox 918 464 959 528">
     <span class='ocr_line' id='line_1_1' title="bbox 918 464 959 528; baseline -0.024 0"><span class='ocrx_word' id='word_1_1' title='bbox 918 464 959 528; x_wconf 87' lang='grc'><strong>36</strong></span> 
     </span>
    </p>
   </div>
   <div class='ocr_carea' id='block_1_2' title="bbox 374 632 1458 3014">
    <p class='ocr_par' dir='ltr' id='par_1_2' title="bbox 374 632 1458 1453">
     <span class='ocr_line' id='line_1_2' title="bbox 433 632 1458 700; baseline -0.001 -1"><span class='ocrx_word' id='word_1_2' title='bbox 433 633 544 700; x_wconf 92' lang='lat' dir='ltr'><strong>tudine</strong></span> <span class='ocrx_word' id='word_1_3' title='bbox 573 633 742 699; x_wconf 82' lang='lat' dir='ltr'><strong>liberetur:</strong></span> <span class='ocrx_word' id='word_1_4' title='bbox 775 633 919 698; x_wconf 88' lang='lat' dir='ltr'><strong>medicus</strong></span> <span class='ocrx_word' id='word_1_5' title='bbox 951 643 1057 699; x_wconf 88' lang='lat' dir='ltr'><strong>autem</strong></span> <span class='ocrx_word' id='word_1_6' title='bbox 1097 632 1175 698; x_wconf 87' lang='lat' dir='ltr'><strong>deus</strong></span> <span class='ocrx_word' id='word_1_7' title='bbox 1206 633 1458 698; x_wconf 76' lang='lat' dir='ltr'><strong>medicamentis</strong></span> 
     </span>
     <span class='ocr_line' id='line_1_3' title="bbox 435 737 1456 819; baseline -0.002 -15"><span class='ocrx_word' id='word_1_8' title='bbox 435 738 643 804; x_wconf 82' lang='lat' dir='ltr'><strong>adurentibus</strong></span> <span class='ocrx_word' id='word_1_9' title='bbox 664 745 755 802; x_wconf 88' lang='lat' dir='ltr'><strong>utens</strong></span> <span class='ocrx_word' id='word_1_10' title='bbox 776 746 864 802; x_wconf 89' lang='lat' dir='ltr'><strong>tanto</strong></span> <span class='ocrx_word' id='word_1_11' title='bbox 885 760 958 809; x_wconf 87' lang='lat' dir='ltr'><strong>enm</strong></span> <span class='ocrx_word' id='word_1_12' title='bbox 979 737 1086 803; x_wconf 91' lang='lat' dir='ltr'><strong>dolore</strong></span> <span class='ocrx_word' id='word_1_13' title='bbox 1106 737 1219 819; x_wconf 87' lang='lat' dir='ltr'><strong>afficit,</strong></span> <span class='ocrx_word' id='word_1_14' title='bbox 1240 746 1277 802; x_wconf 91' lang='lat' dir='ltr'><strong>ut</strong></span> <span class='ocrx_word' id='word_1_15' title='bbox 1296 737 1456 802; x_wconf 88' lang='lat' dir='ltr'><strong>lamenta-</strong></span> 
     </span>
     <span class='ocr_line' id='line_1_4' title="bbox 436 841 1396 928; baseline -0.001 -20"><span class='ocrx_word' id='word_1_16' title='bbox 436 845 538 910; x_wconf 79' lang='lat' dir='ltr'><strong>tiones</strong></span> <span class='ocrx_word' id='word_1_17' title='bbox 561 841 658 906; x_wconf 91' lang='lat' dir='ltr'><strong>edens</strong></span> <span class='ocrx_word' id='word_1_18' title='bbox 679 842 764 906; x_wconf 86' lang='lat' dir='ltr'><strong>foras</strong></span> <span class='ocrx_word' id='word_1_19' title='bbox 786 842 959 928; x_wconf 81' lang='lat' dir='ltr'><strong>confugiat:</strong></span> <span class='ocrx_word' id='word_1_20' title='bbox 981 843 1034 907; x_wconf 92' lang='lat' dir='ltr'><strong>ille</strong></span> <span class='ocrx_word' id='word_1_21' title='bbox 1056 841 1163 906; x_wconf 87' lang='lat' dir='ltr'><strong>ridens</strong></span> <span class='ocrx_word' id='word_1_22' title='bbox 1184 841 1264 905; x_wconf 89' lang='lat' dir='ltr'><strong>haec</strong></span> <span class='ocrx_word' id='word_1_23' title='bbox 1287 841 1396 907; x_wconf 81' lang='lat' dir='ltr'><strong>addit:</strong></span> 
     </span>
     <span class='ocr_line' id='line_1_5' title="bbox 561 943 1265 1030; baseline -0.003 -22"><span class='ocrx_word' id='word_1_24' title='bbox 561 944 706 1008; x_wconf 70' lang='grc' dir='ltr'><strong><em>ἐνταῦθα</em></strong></span> <span class='ocrx_word' id='word_1_25' title='bbox 726 948 785 1008; x_wconf 81' lang='grc' dir='ltr'><strong>νῦν</strong></span> <span class='ocrx_word' id='word_1_26' title='bbox 805 944 933 1030; x_wconf 74' lang='grc' dir='ltr'><strong><em>κάθησο</em></strong></span> <span class='ocrx_word' id='word_1_27' title='bbox 954 943 1265 1026; x_wconf 79' lang='grc' dir='ltr'><strong><em>καταπεπλασμένος,</em></strong></span> 
     </span>
     <span class='ocr_line' id='line_1_6' title="bbox 564 1045 1305 1133; baseline 0 -23"><span class='ocrx_word' id='word_1_28' title='bbox 564 1045 603 1111; x_wconf 73' lang='grc' dir='ltr'><strong>ἵν’</strong></span> <span class='ocrx_word' id='word_1_29' title='bbox 624 1045 845 1130; x_wconf 78' lang='grc' dir='ltr'><em>ἐπομνύμενον</em></span> <span class='ocrx_word' id='word_1_30' title='bbox 865 1048 978 1111; x_wconf 81' lang='grc' dir='ltr'><strong><em>παύσω</em></strong></span> <span class='ocrx_word' id='word_1_31' title='bbox 1002 1066 1035 1112; x_wconf 86' lang='grc' dir='ltr'><strong>σε</strong></span> <span class='ocrx_word' id='word_1_32' title='bbox 1057 1051 1109 1133; x_wconf 80' lang='grc' dir='ltr'><strong>τῆς</strong></span> <span class='ocrx_word' id='word_1_33' title='bbox 1130 1046 1305 1132; x_wconf 73' lang='grc' dir='ltr'><strong><em>ἐκκλησίας.</em></strong></span> 
     </span>
     <span class='ocr_line' id='line_1_7' title="bbox 433 1153 1454 1244; baseline -0.007 -21"><span class='ocrx_word' id='word_1_34' title='bbox 433 1159 472 1223; x_wconf 91' lang='lat' dir='ltr'><strong>In</strong></span> <span class='ocrx_word' id='word_1_35' title='bbox 493 1157 601 1244; x_wconf 90' lang='lat' dir='ltr'><strong>cquitt.</strong></span> <span class='ocrx_word' id='word_1_36' title='bbox 622 1177 683 1222; x_wconf 88' lang='lat' dir='ltr'><strong>vss.</strong></span> <span class='ocrx_word' id='word_1_37' title='bbox 704 1153 769 1218; x_wconf 79' lang='lat'><strong>424</strong></span> <span class='ocrx_word' id='word_1_38' title='bbox 789 1175 855 1240; x_wconf 86' lang='lat' dir='ltr'><strong>sqq.</strong></span> <span class='ocrx_word' id='word_1_39' title='bbox 885 1162 991 1218; x_wconf 85' lang='lat' dir='ltr'><strong>orator·</strong></span> <span class='ocrx_word' id='word_1_40' title='bbox 1012 1153 1142 1239; x_wconf 87' lang='lat' dir='ltr'><strong>quidam</strong></span> <span class='ocrx_word' id='word_1_41' title='bbox 1164 1175 1206 1216; x_wconf 84' lang='lat' dir='ltr'><strong>ex</strong></span> <span class='ocrx_word' id='word_1_42' title='bbox 1228 1153 1321 1238; x_wconf 91' lang='lat' dir='ltr'><strong>pueri</strong></span> <span class='ocrx_word' id='word_1_43' title='bbox 1344 1155 1454 1239; x_wconf 75' lang='lat' dir='ltr'><strong>pe1ju-</strong></span> 
     </span>
     <span class='ocr_line' id='line_1_8' title="bbox 374 1256 1452 1348; baseline -0.008 -19"><span class='ocrx_word' id='word_1_44' title='bbox 374 1270 379 1281; x_wconf 94' lang='lat'>&#39;</span> <span class='ocrx_word' id='word_1_45' title='bbox 433 1265 482 1328; x_wconf 91' lang='lat' dir='ltr'><strong>rio</strong></span> <span class='ocrx_word' id='word_1_46' title='bbox 502 1283 560 1348; x_wconf 93' lang='lat' dir='ltr'><strong>per</strong></span> <span class='ocrx_word' id='word_1_47' title='bbox 583 1258 659 1324; x_wconf 90' lang='lat' dir='ltr'><strong>deos</strong></span> <span class='ocrx_word' id='word_1_48' title='bbox 680 1259 765 1323; x_wconf 81' lang='lat' dir='ltr'><strong>facto</strong></span> <span class='ocrx_word' id='word_1_49' title='bbox 787 1256 921 1342; x_wconf 84' lang='lat' dir='ltr'><strong>colligit,</strong></span> <span class='ocrx_word' id='word_1_50' title='bbox 950 1279 1023 1322; x_wconf 91' lang='lat' dir='ltr'><strong>eum</strong></span> <span class='ocrx_word' id='word_1_51' title='bbox 1051 1257 1307 1324; x_wconf 79' lang='lat' dir='ltr'><strong>concionatorem</strong></span> <span class='ocrx_word' id='word_1_52' title='bbox 1330 1258 1452 1322; x_wconf 88' lang='lat' dir='ltr'><strong>virum-</strong></span> 
     </span>
     <span class='ocr_line' id='line_1_9' title="bbox 434 1347 966 1453; baseline -0.015 -22"><span class='ocrx_word' id='word_1_53' title='bbox 434 1387 496 1453; x_wconf 89' lang='lat' dir='ltr'><strong>que</strong></span> <span class='ocrx_word' id='word_1_54' title='bbox 517 1362 704 1451; x_wconf 87' lang='lat' dir='ltr'><strong>popularem</strong></span> <span class='ocrx_word' id='word_1_55' title='bbox 725 1347 794 1425; x_wconf 86' lang='lat' dir='ltr'><strong>esse</strong></span> <span class='ocrx_word' id='word_1_56' title='bbox 815 1360 966 1426; x_wconf 87' lang='lat' dir='ltr'><strong>futurum.</strong></span> 
     </span>
    </p>

    <p class='ocr_par' dir='ltr' id='par_1_3' title="bbox 411 1461 1451 2284">
     <span class='ocr_line' id='line_1_10' title="bbox 518 1461 1451 1553; baseline -0.003 -22"><span class='ocrx_word' id='word_1_57' title='bbox 518 1467 625 1532; x_wconf 84' lang='lat' dir='ltr'><strong>Etiam</strong></span> <span class='ocrx_word' id='word_1_58' title='bbox 667 1467 701 1528; x_wconf 94' lang='lat' dir='ltr'><strong>in</strong></span> <span class='ocrx_word' id='word_1_59' title='bbox 743 1461 955 1550; x_wconf 90' lang='lat' dir='ltr'><strong>periculosum</strong></span> <span class='ocrx_word' id='word_1_60' title='bbox 997 1463 1076 1529; x_wconf 91' lang='lat' dir='ltr'><strong>illud</strong></span> <span class='ocrx_word' id='word_1_61' title='bbox 1113 1465 1327 1553; x_wconf 75' lang='lat' dir='ltr'><strong>sophistarum</strong></span> <span class='ocrx_word' id='word_1_62' title='bbox 1358 1486 1451 1550; x_wconf 90' lang='lat' dir='ltr'><strong>prae·</strong></span> 
     </span>
     <span class='ocr_line' id='line_1_11' title="bbox 432 1567 1450 1662; baseline -0.01 -22"><span class='ocrx_word' id='word_1_63' title='bbox 432 1582 576 1662; x_wconf 90' lang='lat' dir='ltr'><strong>ceptum,</strong></span> <span class='ocrx_word' id='word_1_64' title='bbox 598 1567 685 1656; x_wconf 93' lang='lat' dir='ltr'><strong>quod</strong></span> <span class='ocrx_word' id='word_1_65' title='bbox 707 1569 824 1654; x_wconf 91' lang='lat' dir='ltr'><strong>optime</strong></span> <span class='ocrx_word' id='word_1_66' title='bbox 846 1588 919 1632; x_wconf 93' lang='lat' dir='ltr'><strong>cum</strong></span> <span class='ocrx_word' id='word_1_67' title='bbox 941 1589 994 1650; x_wconf 91' lang='lat' dir='ltr'><strong>eo,</strong></span> <span class='ocrx_word' id='word_1_68' title='bbox 1016 1569 1102 1654; x_wconf 86' lang='lat' dir='ltr'><strong>quod</strong></span> <span class='ocrx_word' id='word_1_69' title='bbox 1126 1567 1233 1634; x_wconf 90' lang='lat' dir='ltr'><strong>media</strong></span> <span class='ocrx_word' id='word_1_70' title='bbox 1254 1575 1360 1633; x_wconf 89' lang='lat' dir='ltr'><strong>aetate</strong></span> <span class='ocrx_word' id='word_1_71' title='bbox 1382 1571 1450 1631; x_wconf 90' lang='lat' dir='ltr'><strong>‘re-</strong></span> 
     </span>
     <span class='ocr_line' id='line_1_12' title="bbox 432 1669 1450 1758; baseline -0.009 -15"><span class='ocrx_word' id='word_1_72' title='bbox 432 1675 569 1744; x_wconf 83' lang='lat' dir='ltr'><strong>servatio</strong></span> <span class='ocrx_word' id='word_1_73' title='bbox 581 1670 744 1736; x_wconf 89' lang='lat' dir='ltr'><strong>mentalis&#39;</strong></span> <span class='ocrx_word' id='word_1_74' title='bbox 766 1669 920 1758; x_wconf 85' lang='lat' dir='ltr'><strong>appellari</strong></span> <span class='ocrx_word' id='word_1_75' title='bbox 934 1669 1064 1755; x_wconf 82' lang='lat' dir='ltr'><strong>solebat,</strong></span> <span class='ocrx_word' id='word_1_76' title='bbox 1086 1671 1223 1737; x_wconf 87' lang='lat' dir='ltr'><strong>conferri</strong></span> <span class='ocrx_word' id='word_1_77' title='bbox 1241 1679 1355 1758; x_wconf 87' lang='lat' dir='ltr'><strong>potest,</strong></span> <span class='ocrx_word' id='word_1_78' title='bbox 1376 1669 1450 1734; x_wconf 85' lang='lat' dir='ltr'><strong>Ari-</strong></span> 
     </span>
     <span class='ocr_line' id='line_1_13' title="bbox 432 1772 1448 1868; baseline -0.009 -21"><span class='ocrx_word' id='word_1_79' title='bbox 432 1780 600 1868; x_wconf 90' lang='lat' dir='ltr'><strong>stophanes</strong></span> <span class='ocrx_word' id='word_1_80' title='bbox 621 1775 692 1864; x_wconf 90' lang='lat' dir='ltr'><strong>plus</strong></span> <span class='ocrx_word' id='word_1_81' title='bbox 714 1774 812 1840; x_wconf 90' lang='lat' dir='ltr'><strong>semel</strong></span> <span class='ocrx_word' id='word_1_82' title='bbox 834 1772 1002 1838; x_wconf 87' lang='lat' dir='ltr'><strong>invehitur.</strong></span> <span class='ocrx_word' id='word_1_83' title='bbox 1035 1775 1217 1862; x_wconf 84' lang='lat' dir='ltr'><strong>Euripides,</strong></span> <span class='ocrx_word' id='word_1_84' title='bbox 1240 1775 1295 1860; x_wconf 89' lang='lat' dir='ltr'><strong>qui</strong></span> <span class='ocrx_word' id='word_1_85' title='bbox 1317 1773 1448 1839; x_wconf 90' lang='lat' dir='ltr'><strong>omnino</strong></span> 
     </span>
     <span class='ocr_line' id='line_1_14' title="bbox 411 1878 1448 1976; baseline -0.009 -23"><span class='ocrx_word' id='word_1_86' title='bbox 411 1906 586 1976; x_wconf 67' lang='lat' dir='ltr'><strong>‘persaepe</strong></span> <span class='ocrx_word' id='word_1_87' title='bbox 607 1904 683 1947; x_wconf 87' lang='lat' dir='ltr'><strong>suae</strong></span> <span class='ocrx_word' id='word_1_88' title='bbox 705 1883 818 1946; x_wconf 87' lang='lat' dir='ltr'><strong>aetatis</strong></span> <span class='ocrx_word' id='word_1_89' title='bbox 837 1879 1116 1968; x_wconf 87' lang='lat' dir='ltr'><strong>philosophorum,</strong></span> <span class='ocrx_word' id='word_1_90' title='bbox 1137 1881 1293 1968; x_wconf 81' lang='lat' dir='ltr'><strong>imprimis</strong></span> <span class='ocrx_word' id='word_1_91' title='bbox 1316 1878 1448 1944; x_wconf 76' lang='lat' dir='ltr'><strong>Anaxa</strong></span> 
     </span>
     <span class='ocr_line' id='line_1_15' title="bbox 431 1983 1447 2081; baseline -0.012 -21"><span class='ocrx_word' id='word_1_92' title='bbox 431 2015 529 2081; x_wconf 84' lang='lat' dir='ltr'><strong>gorac</strong></span> <span class='ocrx_word' id='word_1_93' title='bbox 551 1992 681 2055; x_wconf 87' lang='lat' dir='ltr'><strong>decreta</strong></span> <span class='ocrx_word' id='word_1_94' title='bbox 700 1987 827 2074; x_wconf 71' lang='lat' dir='ltr'><strong>poetica</strong></span> <span class='ocrx_word' id='word_1_95' title='bbox 847 1983 953 2049; x_wconf 90' lang='lat' dir='ltr'><strong>induit</strong></span> <span class='ocrx_word' id='word_1_96' title='bbox 973 1993 1071 2068; x_wconf 88' lang='lat' dir='ltr'><strong>veste,</strong></span> <span class='ocrx_word' id='word_1_97' title='bbox 1094 1984 1175 2050; x_wconf 89' lang='lat' dir='ltr'><strong>illud</strong></span> <span class='ocrx_word' id='word_1_98' title='bbox 1188 2005 1315 2070; x_wconf 89' lang='lat' dir='ltr'><strong>quoque</strong></span> <span class='ocrx_word' id='word_1_99' title='bbox 1329 1985 1447 2070; x_wconf 91' lang='lat' dir='ltr'><strong>impro-</strong></span> 
     </span>
     <span class='ocr_line' id='line_1_16' title="bbox 430 2088 1448 2178; baseline -0.011 -15"><span class='ocrx_word' id='word_1_100' title='bbox 430 2097 597 2165; x_wconf 88' lang='lat' dir='ltr'><strong>bissimum</strong></span> <span class='ocrx_word' id='word_1_101' title='bbox 624 2097 832 2178; x_wconf 85' lang='lat' dir='ltr'><strong>praeceptum</strong></span> <span class='ocrx_word' id='word_1_102' title='bbox 859 2088 967 2151; x_wconf 90' lang='lat' dir='ltr'><strong>nescio</strong></span> <span class='ocrx_word' id='word_1_103' title='bbox 996 2091 1086 2176; x_wconf 88' lang='lat' dir='ltr'><strong>cujus</strong></span> <span class='ocrx_word' id='word_1_104' title='bbox 1114 2088 1273 2176; x_wconf 89' lang='lat' dir='ltr'><strong>sophistae</strong></span> <span class='ocrx_word' id='word_1_105' title='bbox 1291 2088 1448 2153; x_wconf 89' lang='lat' dir='ltr'><strong>&#39;celeber-</strong></span> 
     </span>
     <span class='ocr_line' id='line_1_17' title="bbox 431 2189 1249 2284; baseline -0.017 -19"><span class='ocrx_word' id='word_1_106' title='bbox 431 2203 512 2265; x_wconf 92' lang='lat' dir='ltr'><strong>rimo</strong></span> <span class='ocrx_word' id='word_1_107' title='bbox 534 2195 704 2284; x_wconf 86' lang='lat' dir='ltr'><strong>Hippolyti</strong></span> <span class='ocrx_word' id='word_1_108' title='bbox 723 2213 820 2256; x_wconf 85' lang='lat' dir='ltr'><strong>versu</strong></span> <span class='ocrx_word' id='word_1_109' title='bbox 842 2189 946 2277; x_wconf 76' lang='lat'>(612):</span> <span class='ocrx_word' id='word_1_110' title='bbox 1246 2247 1249 2254; x_wconf 86' lang='grc'><strong>,</strong></span> 
     </span>
    </p>

    <p class='ocr_par' dir='ltr' id='par_1_4' title="bbox 416 2288 1447 3014">
     <span class='ocr_line' id='line_1_18' title="bbox 559 2288 1283 2385; baseline -0.01 -24"><span class='ocrx_word' id='word_1_111' title='bbox 559 2298 578 2385; x_wconf 76' lang='grc' dir='ltr'><strong><em>ἡ</em></strong></span> <span class='ocrx_word' id='word_1_112' title='bbox 600 2292 720 2378; x_wconf 77' lang='grc' dir='ltr'><strong><em>γλῶσσ’</em></strong></span> <span class='ocrx_word' id='word_1_113' title='bbox 742 2290 890 2376; x_wconf 61' lang='grc' dir='ltr'><strong>ὀμώμοοί,</strong></span> <span class='ocrx_word' id='word_1_114' title='bbox 912 2290 931 2375; x_wconf 75' lang='grc' dir='ltr'><em>ἡ</em></span> <span class='ocrx_word' id='word_1_115' title='bbox 955 2288 991 2353; x_wconf 73' lang='grc' dir='ltr'><strong>δὲ</strong></span> <span class='ocrx_word' id='word_1_116' title='bbox 1013 2292 1099 2376; x_wconf 73' lang='grc' dir='ltr'><strong><em>φρὴν</em></strong></span> <span class='ocrx_word' id='word_1_117' title='bbox 1120 2291 1283 2375; x_wconf 71' lang='grc' dir='ltr'><strong>ἀναίματος</strong></span> 
     </span>
     <span class='ocr_line' id='line_1_19' title="bbox 430 2397 1447 2492; baseline -0.009 -18"><span class='ocrx_word' id='word_1_118' title='bbox 430 2427 539 2474; x_wconf 89' lang='lat' dir='ltr'><strong>coram</strong></span> <span class='ocrx_word' id='word_1_119' title='bbox 566 2401 684 2490; x_wconf 89' lang='lat' dir='ltr'><strong>populo</strong></span> <span class='ocrx_word' id='word_1_120' title='bbox 710 2397 852 2486; x_wconf 86' lang='lat' dir='ltr'><strong>profiteri</strong></span> <span class='ocrx_word' id='word_1_121' title='bbox 881 2417 975 2460; x_wconf 90' lang='lat' dir='ltr'><strong>ausus</strong></span> <span class='ocrx_word' id='word_1_122' title='bbox 995 2403 1053 2492; x_wconf 80' lang='lat' dir='ltr'><strong>est</strong></span> <span class='ocrx_word' id='word_1_123' title='bbox 1102 2397 1194 2462; x_wconf 88' lang='lat' dir='ltr'><strong>Haec</strong></span> <span class='ocrx_word' id='word_1_124' title='bbox 1218 2399 1318 2486; x_wconf 85' lang='lat' dir='ltr'><strong>igitur</strong></span> <span class='ocrx_word' id='word_1_125' title='bbox 1345 2400 1447 2466; x_wconf 89' lang='lat' dir='ltr'><strong>verba</strong></span> 
     </span>
     <span class='ocr_line' id='line_1_20' title="bbox 430 2502 1447 2590; baseline -0.004 -16"><span class='ocrx_word' id='word_1_126' title='bbox 430 2508 550 2575; x_wconf 89' lang='lat' dir='ltr'><strong>nemini</strong></span> <span class='ocrx_word' id='word_1_127' title='bbox 571 2503 813 2570; x_wconf 80' lang='lat' dir='ltr'><strong>Atheniensium</strong></span> <span class='ocrx_word' id='word_1_128' title='bbox 835 2502 945 2586; x_wconf 81' lang='lat' dir='ltr'><strong>ignota</strong></span> <span class='ocrx_word' id='word_1_129' title='bbox 964 2509 1079 2586; x_wconf 71' lang='lat' dir='ltr'><strong>poetae</strong></span> <span class='ocrx_word' id='word_1_130' title='bbox 1094 2514 1202 2566; x_wconf 78' lang='lat' dir='ltr'><strong>nostro</strong></span> <span class='ocrx_word' id='word_1_131' title='bbox 1224 2525 1333 2568; x_wconf 86' lang='lat' dir='ltr'><strong>ansam</strong></span> <span class='ocrx_word' id='word_1_132' title='bbox 1355 2527 1447 2590; x_wconf 85' lang='lat' dir='ltr'><strong>prae·</strong></span> 
     </span>
     <span class='ocr_line' id='line_1_21' title="bbox 429 2604 1445 2698; baseline -0.006 -19"><span class='ocrx_word' id='word_1_133' title='bbox 429 2615 508 2680; x_wconf 91' lang='lat' dir='ltr'><strong>bent</strong></span> <span class='ocrx_word' id='word_1_134' title='bbox 535 2606 851 2698; x_wconf 83' lang='lat' dir='ltr'><strong>perstringendamm</strong></span> <span class='ocrx_word' id='word_1_135' title='bbox 883 2604 993 2670; x_wconf 88' lang='lat' dir='ltr'><strong>talium</strong></span> <span class='ocrx_word' id='word_1_136' title='bbox 1025 2607 1237 2692; x_wconf 83' lang='lat' dir='ltr'><strong>argutianrm,</strong></span> <span class='ocrx_word' id='word_1_137' title='bbox 1271 2608 1310 2672; x_wconf 88' lang='lat' dir='ltr'><strong>cf.</strong></span> <span class='ocrx_word' id='word_1_138' title='bbox 1332 2609 1445 2676; x_wconf 90' lang='lat' dir='ltr'><strong>thesm.</strong></span> 
     </span>
     <span class='ocr_line' id='line_1_22' title="bbox 430 2698 1118 2804; baseline -0.022 -20"><span class='ocrx_word' id='word_1_139' title='bbox 430 2716 609 2784; x_wconf 75' lang='lat' dir='ltr'><strong>aro-276.</strong></span> <span class='ocrx_word' id='word_1_140' title='bbox 631 2737 697 2780; x_wconf 86' lang='lat' dir='ltr'><strong>ran.</strong></span> <span class='ocrx_word' id='word_1_141' title='bbox 721 2698 793 2778; x_wconf 74' lang='lat'>101!</span> <span class='ocrx_word' id='word_1_142' title='bbox 818 2710 911 2776; x_wconf 79' lang='lat'>1471.</span> <span class='ocrx_word' id='word_1_143' title='bbox 1111 2787 1118 2804; x_wconf 43' lang='grc' dir='ltr'><em>Ι</em></span> 
     </span>
     <span class='ocr_line' id='line_1_23' title="bbox 493 2812 1445 2904; baseline -0.004 -18"><span class='ocrx_word' id='word_1_144' title='bbox 493 2821 614 2886; x_wconf 83' lang='lat' dir='ltr'><strong>Rerum</strong></span> <span class='ocrx_word' id='word_1_145' title='bbox 635 2818 805 2904; x_wconf 89' lang='lat' dir='ltr'><strong>scriptores</strong></span> <span class='ocrx_word' id='word_1_146' title='bbox 816 2812 908 2880; x_wconf 90' lang='lat' dir='ltr'><strong>nobis</strong></span> <span class='ocrx_word' id='word_1_147' title='bbox 923 2823 1062 2897; x_wconf 78' lang='lat' dir='ltr'><strong>narrant,</strong></span> <span class='ocrx_word' id='word_1_148' title='bbox 1083 2813 1168 2879; x_wconf 89' lang='lat' dir='ltr'><strong>bello</strong></span> <span class='ocrx_word' id='word_1_149' title='bbox 1181 2814 1445 2901; x_wconf 76' lang='lat' dir='ltr'><strong>peloponnesiaco</strong></span> 
     </span>
     <span class='ocr_line' id='line_1_24' title="bbox 416 2909 1445 3014; baseline -0.006 -22"><span class='ocrx_word' id='word_1_150' title='bbox 416 2909 572 3014; x_wconf 63' lang='lat' dir='ltr'><strong>&#39;perjuria</strong></span> <span class='ocrx_word' id='word_1_151' title='bbox 599 2922 681 2988; x_wconf 91' lang='lat' dir='ltr'><strong>adeo</strong></span> <span class='ocrx_word' id='word_1_152' title='bbox 713 2919 943 3002; x_wconf 88' lang='lat' dir='ltr'><strong>in&#39;crebruisse,</strong></span> <span class='ocrx_word' id='word_1_153' title='bbox 973 2927 1009 2983; x_wconf 91' lang='lat' dir='ltr'><strong>ut</strong></span> <span class='ocrx_word' id='word_1_154' title='bbox 1036 2918 1123 2982; x_wconf 89' lang='lat' dir='ltr'><strong>nulla</strong></span> <span class='ocrx_word' id='word_1_155' title='bbox 1148 2918 1217 2982; x_wconf 86' lang='lat' dir='ltr'><strong>sere</strong></span> <span class='ocrx_word' id='word_1_156' title='bbox 1246 2931 1445 2986; x_wconf 87' lang='lat' dir='ltr'><strong>sacramento</strong></span> 
     </span>
    </p>
   </div>
   <div class='ocr_carea' id='block_1_3' title="bbox 429 3021 1446 3320">
    <p class='ocr_par' dir='ltr' id='par_1_5' title="bbox 429 3021 1446 3320">
     <span class='ocr_line' id='line_1_25' title="bbox 431 3021 1446 3122; baseline -0.005 -27"><span class='ocrx_word' id='word_1_157' title='bbox 431 3037 513 3122; x_wconf 72' lang='lat' dir='ltr'><strong>esset</strong></span> <span class='ocrx_word' id='word_1_158' title='bbox 534 3027 712 3092; x_wconf 86' lang='lat' dir='ltr'><strong>auctoritas.</strong></span> <span class='ocrx_word' id='word_1_159' title='bbox 755 3023 1084 3088; x_wconf 85' lang='lat' dir='ltr'><strong>Lacedaemoniorum</strong></span> <span class='ocrx_word' id='word_1_160' title='bbox 1105 3021 1242 3108; x_wconf 86' lang='lat' dir='ltr'><strong>perfidia</strong></span> <span class='ocrx_word' id='word_1_161' title='bbox 1263 3023 1304 3089; x_wconf 87' lang='lat' dir='ltr'><strong>ab</strong></span> <span class='ocrx_word' id='word_1_162' title='bbox 1323 3021 1446 3090; x_wconf 82' lang='lat' dir='ltr'><strong>Aristo</strong></span> 
     </span>
     <span class='ocr_line' id='line_1_26' title="bbox 429 3121 1445 3220; baseline -0.006 -23"><span class='ocrx_word' id='word_1_163' title='bbox 429 3132 535 3220; x_wconf 85' lang='lat' dir='ltr'><strong>phane</strong></span> <span class='ocrx_word' id='word_1_164' title='bbox 556 3128 682 3214; x_wconf 87' lang='lat' dir='ltr'><strong>saepius</strong></span> <span class='ocrx_word' id='word_1_165' title='bbox 704 3125 883 3190; x_wconf 85' lang='lat' dir='ltr'><strong>traducitur</strong></span> <span class='ocrx_word' id='word_1_166' title='bbox 905 3121 1445 3214; x_wconf 63' lang='lat' dir='ltr'><strong>(Achsosaysmapa0.1068):</strong></span> 
     </span>
     <span class='ocr_line' id='line_1_27' title="bbox 430 3227 1445 3320; baseline -0.006 -22"><span class='ocrx_word' id='word_1_167' title='bbox 430 3241 565 3320; x_wconf 73' lang='lat' dir='ltr'><strong>quantun</strong></span> <span class='ocrx_word' id='word_1_168' title='bbox 586 3230 642 3295; x_wconf 92' lang='lat' dir='ltr'><strong>illo</strong></span> <span class='ocrx_word' id='word_1_169' title='bbox 663 3239 806 3315; x_wconf 90' lang='lat' dir='ltr'><strong>tempore</strong></span> <span class='ocrx_word' id='word_1_170' title='bbox 826 3227 924 3292; x_wconf 87' lang='lat' dir='ltr'><strong>fuerit</strong></span> <span class='ocrx_word' id='word_1_171' title='bbox 944 3228 1157 3315; x_wconf 87' lang='lat' dir='ltr'><strong>perjuriorum</strong></span> <span class='ocrx_word' id='word_1_172' title='bbox 1174 3250 1333 3310; x_wconf 84' lang='lat' dir='ltr'><strong>numenrs,</strong></span> <span class='ocrx_word' id='word_1_173' title='bbox 1355 3229 1445 3296; x_wconf 86' lang='lat' dir='ltr'><strong>intel-</strong></span> 
     </span>
    </p>
   </div>
   <div class='ocr_carea' id='block_1_4' title="bbox 289 3331 1444 3423">
    <p class='ocr_par' dir='ltr' id='par_1_6' title="bbox 289 3331 1444 3423">
     <span class='ocr_line' id='line_1_28' title="bbox 289 3331 1444 3423; baseline -0.002 -23"><span class='ocrx_word' id='word_1_174' title='bbox 289 3377 294 3388; x_wconf 82' lang='lat'><strong>·</strong></span> <span class='ocrx_word' id='word_1_175' title='bbox 388 3411 391 3416; x_wconf 25' lang='lat'><strong>¹</strong></span> <span class='ocrx_word' id='word_1_176' title='bbox 429 3338 530 3423; x_wconf 87' lang='lat' dir='ltr'><strong>ligere</strong></span> <span class='ocrx_word' id='word_1_177' title='bbox 557 3333 633 3399; x_wconf 88' lang='lat' dir='ltr'><strong>licet</strong></span> <span class='ocrx_word' id='word_1_178' title='bbox 661 3355 703 3398; x_wconf 85' lang='lat' dir='ltr'><strong>ex</strong></span> <span class='ocrx_word' id='word_1_179' title='bbox 724 3331 843 3400; x_wconf 87' lang='lat' dir='ltr'><strong>Avium</strong></span> <span class='ocrx_word' id='word_1_180' title='bbox 865 3355 926 3398; x_wconf 89' lang='lat' dir='ltr'><strong>vss.</strong></span> <span class='ocrx_word' id='word_1_181' title='bbox 951 3332 1192 3397; x_wconf 79' lang='lat' dir='ltr'><strong>roos-1613:</strong></span> <span class='ocrx_word' id='word_1_182' title='bbox 1220 3331 1444 3398; x_wconf 87' lang='lat' dir='ltr'><strong>incredibilem</strong></span> 
     </span>
    </p>
   </div>
   <div class='ocr_carea' id='block_1_5' title="bbox 373 3435 1444 3722">
    <p class='ocr_par' dir='ltr' id='par_1_7' title="bbox 373 3435 1444 3722">
     <span class='ocr_line' id='line_1_29' title="bbox 373 3435 1444 3506; baseline -0.005 0"><span class='ocrx_word' id='word_1_183' title='bbox 373 3446 374 3454; x_wconf 77' lang='grc'>’</span> <span class='ocrx_word' id='word_1_184' title='bbox 431 3448 538 3506; x_wconf 87' lang='lat' dir='ltr'><strong>autem</strong></span> <span class='ocrx_word' id='word_1_185' title='bbox 566 3436 729 3502; x_wconf 84' lang='lat' dir='ltr'><strong>levitatem</strong></span> <span class='ocrx_word' id='word_1_186' title='bbox 757 3457 795 3500; x_wconf 89' lang='lat' dir='ltr'><strong>ac</strong></span> <span class='ocrx_word' id='word_1_187' title='bbox 830 3436 1041 3501; x_wconf 86' lang='lat' dir='ltr'><strong>temeritatem</strong></span> <span class='ocrx_word' id='word_1_188' title='bbox 1070 3436 1104 3499; x_wconf 92' lang='lat' dir='ltr'><strong>in</strong></span> <span class='ocrx_word' id='word_1_189' title='bbox 1134 3435 1175 3499; x_wconf 89' lang='lat' dir='ltr'><strong>iis</strong></span> <span class='ocrx_word' id='word_1_190' title='bbox 1209 3435 1444 3501; x_wconf 87' lang='lat' dir='ltr'><strong>committendis</strong></span> 
     </span>
     <span class='ocr_line' id='line_1_30' title="bbox 431 3537 1444 3632; baseline -0.003 -23"><span class='ocrx_word' id='word_1_191' title='bbox 431 3551 527 3632; x_wconf 76' lang='lat' dir='ltr'><strong>potita</strong></span> <span class='ocrx_word' id='word_1_192' title='bbox 548 3539 702 3606; x_wconf 83' lang='lat' dir='ltr'><strong>describit</strong></span> <span class='ocrx_word' id='word_1_193' title='bbox 722 3540 798 3626; x_wconf 84' lang='lat' dir='ltr'><strong>Lys</strong></span> <span class='ocrx_word' id='word_1_194' title='bbox 820 3561 916 3618; x_wconf 87' lang='lat' dir='ltr'><strong>versu</strong></span> <span class='ocrx_word' id='word_1_195' title='bbox 938 3539 1019 3621; x_wconf 87' lang='lat'><strong>914,</strong></span> <span class='ocrx_word' id='word_1_196' title='bbox 1034 3537 1104 3602; x_wconf 78' lang='lat' dir='ltr'><strong>ubi</strong></span> <span class='ocrx_word' id='word_1_197' title='bbox 1126 3537 1288 3621; x_wconf 82' lang='lat' dir='ltr'><strong>Cinesias,</strong></span> <span class='ocrx_word' id='word_1_198' title='bbox 1308 3547 1344 3604; x_wconf 90' lang='lat' dir='ltr'><strong>ut</strong></span> <span class='ocrx_word' id='word_1_199' title='bbox 1366 3563 1444 3606; x_wconf 82' lang='lat' dir='ltr'><strong>uxo</strong></span> 
     </span>
     <span class='ocr_line' id='line_1_31' title="bbox 428 3638 1443 3722; baseline -0.006 -10"><span class='ocrx_word' id='word_1_200' title='bbox 428 3669 498 3712; x_wconf 90' lang='lat' dir='ltr'><strong>rem</strong></span> <span class='ocrx_word' id='word_1_201' title='bbox 520 3643 563 3711; x_wconf 89' lang='lat' dir='ltr'><strong>ad</strong></span> <span class='ocrx_word' id='word_1_202' title='bbox 583 3643 768 3710; x_wconf 87' lang='lat' dir='ltr'><strong>violandum</strong></span> <span class='ocrx_word' id='word_1_203' title='bbox 790 3650 1025 3706; x_wconf 86' lang='lat' dir='ltr'><strong>sacramentum</strong></span> <span class='ocrx_word' id='word_1_204' title='bbox 1052 3638 1209 3722; x_wconf 86' lang='lat' dir='ltr'><strong>adducat,</strong></span> <span class='ocrx_word' id='word_1_205' title='bbox 1239 3639 1319 3720; x_wconf 83' lang='lat' dir='ltr'><strong>haee</strong></span> <span class='ocrx_word' id='word_1_206' title='bbox 1349 3639 1443 3708; x_wconf 87' lang='lat' dir='ltr'><strong>dicit:</strong></span> 
     </span>
    </p>
   </div>
   <div class='ocr_carea' id='block_1_6' title="bbox 430 3743 1444 3834">
    <p class='ocr_par' dir='ltr' id='par_1_8' title="bbox 302 3743 1444 3834">
     <span class='ocr_line' id='line_1_32' title="bbox 430 3743 1444 3834; baseline -0.004 -17.56"><span class='ocrx_word' id='word_1_207' title='bbox 430 3749 476 3822; x_wconf 75' lang='grc' dir='ltr'><strong>εἰς</strong></span> <span class='ocrx_word' id='word_1_208' title='bbox 498 3747 554 3830; x_wconf 71' lang='grc' dir='ltr'><strong>ἐμὲ</strong></span> <span class='ocrx_word' id='word_1_209' title='bbox 574 3746 741 3832; x_wconf 72' lang='grc' dir='ltr'><strong><em>τράποιτο·</em></strong></span> <span class='ocrx_word' id='word_1_210' title='bbox 763 3743 863 3830; x_wconf 78' lang='grc' dir='ltr'><strong><em>μηδὲν</em></strong></span> <span class='ocrx_word' id='word_1_211' title='bbox 884 3745 980 3832; x_wconf 69' lang='lat' dir='ltr'><strong>doaso</strong></span> <span class='ocrx_word' id='word_1_212' title='bbox 1002 3745 1178 3834; x_wconf 66' lang='lat' dir='ltr'><strong>operaepr-</strong></span> <span class='ocrx_word' id='word_1_213' title='bbox 1220 3744 1259 3810; x_wconf 87' lang='lat' dir='ltr'><strong>In</strong></span> <span class='ocrx_word' id='word_1_214' title='bbox 1280 3743 1444 3812; x_wconf 80' lang='lat' dir='ltr'><strong>Ranarum</strong></span> 
     </span>
    </p>
   </div>
   <div class='ocr_carea' id='block_1_7' title="bbox 429 3846 1445 4252">
    <p class='ocr_par' dir='ltr' id='par_1_9' title="bbox 429 3846 1445 4252">
     <span class='ocr_line' id='line_1_33' title="bbox 429 3846 1444 3937; baseline -0.001 -20"><span class='ocrx_word' id='word_1_215' title='bbox 429 3875 475 3917; x_wconf 88' lang='lat' dir='ltr'><strong>vs.</strong></span> <span class='ocrx_word' id='word_1_216' title='bbox 500 3850 562 3914; x_wconf 83' lang='lat'><strong>150</strong></span> <span class='ocrx_word' id='word_1_217' title='bbox 582 3851 704 3937; x_wconf 75' lang='lat' dir='ltr'><strong>perjuri</strong></span> <span class='ocrx_word' id='word_1_218' title='bbox 725 3851 809 3914; x_wconf 77' lang='lat' dir='ltr'><strong>inter,</strong></span> <span class='ocrx_word' id='word_1_219' title='bbox 830 3870 885 3913; x_wconf 92' lang='lat' dir='ltr'><strong>eos</strong></span> <span class='ocrx_word' id='word_1_220' title='bbox 906 3854 1149 3929; x_wconf 89' lang='lat' dir='ltr'><strong>enumerantur,</strong></span> <span class='ocrx_word' id='word_1_221' title='bbox 1171 3849 1226 3933; x_wconf 90' lang='lat' dir='ltr'><strong>qui</strong></span> <span class='ocrx_word' id='word_1_222' title='bbox 1247 3846 1444 3934; x_wconf 87' lang='lat' dir='ltr'><strong>peculiarem</strong></span> 
     </span>
     <span class='ocr_line' id='line_1_34' title="bbox 431 3951 1445 4043; baseline -0.002 -21"><span class='ocrx_word' id='word_1_223' title='bbox 431 3953 579 4043; x_wconf 89' lang='lat' dir='ltr'><strong>supplicii</strong></span> <span class='ocrx_word' id='word_1_224' title='bbox 599 3953 705 4020; x_wconf 90' lang='lat' dir='ltr'><strong>locum</strong></span> <span class='ocrx_word' id='word_1_225' title='bbox 725 3956 759 4019; x_wconf 92' lang='lat' dir='ltr'><strong>in</strong></span> <span class='ocrx_word' id='word_1_226' title='bbox 788 3974 862 4019; x_wconf 91' lang='lat' dir='ltr'><strong>orco</strong></span> <span class='ocrx_word' id='word_1_227' title='bbox 891 3952 1041 4018; x_wconf 90' lang='lat' dir='ltr'><strong>obtinent.</strong></span> <span class='ocrx_word' id='word_1_228' title='bbox 1084 3951 1245 4040; x_wconf 85' lang='lat' dir='ltr'><strong>Equidem</strong></span> <span class='ocrx_word' id='word_1_229' title='bbox 1266 3952 1388 4020; x_wconf 90' lang='lat' dir='ltr'><strong>nullum</strong></span> <span class='ocrx_word' id='word_1_230' title='bbox 1410 3957 1445 4020; x_wconf 91' lang='lat' dir='ltr'><strong>in</strong></span> 
     </span>
     <span class='ocr_line' id='line_1_35' title="bbox 432 4055 1445 4145; baseline 0 -21"><span class='ocrx_word' id='word_1_231' title='bbox 432 4055 644 4143; x_wconf 83' lang='lat' dir='ltr'><strong>Aristophane</strong></span> <span class='ocrx_word' id='word_1_232' title='bbox 667 4055 772 4121; x_wconf 84' lang='lat' dir='ltr'><strong>locum</strong></span> <span class='ocrx_word' id='word_1_233' title='bbox 794 4055 951 4120; x_wconf 79' lang='lat' dir='ltr'><strong>invenisse</strong></span> <span class='ocrx_word' id='word_1_234' title='bbox 974 4056 1137 4140; x_wconf 88' lang='lat' dir='ltr'><strong>confiteor,</strong></span> <span class='ocrx_word' id='word_1_235' title='bbox 1160 4079 1254 4142; x_wconf 92' lang='lat' dir='ltr'><strong>quem</strong></span> <span class='ocrx_word' id='word_1_236' title='bbox 1276 4059 1321 4122; x_wconf 90' lang='lat' dir='ltr'><strong>ita</strong></span> <span class='ocrx_word' id='word_1_237' title='bbox 1343 4059 1445 4145; x_wconf 87' lang='lat' dir='ltr'><strong>expli·</strong></span> 
     </span>
     <span class='ocr_line' id='line_1_36' title="bbox 431 4158 1444 4252; baseline 0.003 -26"><span class='ocrx_word' id='word_1_238' title='bbox 431 4163 498 4226; x_wconf 87' lang='lat' dir='ltr'><strong>cari</strong></span> <span class='ocrx_word' id='word_1_239' title='bbox 520 4167 681 4247; x_wconf 85' lang='lat' dir='ltr'><strong>oporteat,</strong></span> <span class='ocrx_word' id='word_1_240' title='bbox 709 4168 744 4223; x_wconf 92' lang='lat' dir='ltr'><strong>ut</strong></span> <span class='ocrx_word' id='word_1_241' title='bbox 762 4158 1009 4244; x_wconf 85' lang='lat' dir='ltr'><strong>Aristophanem</strong></span> <span class='ocrx_word' id='word_1_242' title='bbox 1038 4161 1142 4224; x_wconf 74' lang='grc' dir='ltr'><strong><em>ἄθέον</em></strong></span> <span class='ocrx_word' id='word_1_243' title='bbox 1170 4160 1266 4227; x_wconf 77' lang='lat' dir='ltr'><strong>fiiisse</strong></span> <span class='ocrx_word' id='word_1_244' title='bbox 1289 4160 1365 4228; x_wconf 86' lang='lat' dir='ltr'><strong>inde</strong></span> <span class='ocrx_word' id='word_1_245' title='bbox 1389 4187 1444 4252; x_wconf 89' lang='lat' dir='ltr'><strong>ap·</strong></span> 
     </span>
    </p>
   </div>
   <div class='ocr_carea' id='block_1_8' title="bbox 296 4264 1444 4358">
    <p class='ocr_par' dir='ltr' id='par_1_10' title="bbox 296 4264 1444 4358">
     <span class='ocr_line' id='line_1_37' title="bbox 296 4264 1444 4358; baseline 0.003 -28"><span class='ocrx_word' id='word_1_246' title='bbox 296 4337 300 4352; x_wconf 53' lang='grc'>,</span> <span class='ocrx_word' id='word_1_247' title='bbox 430 4272 558 4350; x_wconf 86' lang='lat' dir='ltr'><strong>pareat:</strong></span> <span class='ocrx_word' id='word_1_248' title='bbox 580 4285 598 4328; x_wconf 93' lang='lat' dir='ltr'><strong>e</strong></span> <span class='ocrx_word' id='word_1_249' title='bbox 623 4264 781 4330; x_wconf 70' lang='lat' dir='ltr'><strong>corbario</strong></span> <span class='ocrx_word' id='word_1_250' title='bbox 798 4264 912 4358; x_wconf 80' lang='lat' dir='ltr'><strong>omnia,</strong></span> <span class='ocrx_word' id='word_1_251' title='bbox 933 4277 1014 4352; x_wconf 87' lang='lat' dir='ltr'><strong>quae</strong></span> <span class='ocrx_word' id='word_1_252' title='bbox 1036 4264 1142 4332; x_wconf 88' lang='lat' dir='ltr'><strong>adhuc</strong></span> <span class='ocrx_word' id='word_1_253' title='bbox 1164 4265 1444 4350; x_wconf 87' lang='lat' dir='ltr'><strong>consideravimus,</strong></span> 
     </span>
    </p>
   </div>
   <div class='ocr_carea' id='block_1_9' title="bbox 0 0 1524 5284">
    <p class='ocr_par' dir='ltr' id='par_1_11' title="bbox 0 0 1524 5284">
     <span class='ocr_line' id='line_1_38' title="bbox 0 0 1524 5284; baseline 0 1"><span class='ocrx_word' id='word_1_254' title='bbox 0 0 1524 5284; x_wconf 95' lang='lat' dir='ltr'><strong> </strong></span> 
     </span>
    </p>
   </div>
  </div>
 </body>
</html>
