3040 5284
791 589 835 652 44

305 759 345 822 iis
376 759 541 843 instigatos
571 757 767 843 potissimum
807 757 963 842 ejusmodi
996 760 1197 822 accusatione
1230 759 1321 824 abuti

304 861 452 946 potuisse,
474 870 510 924 ut
528 861 741 947 importunam
762 861 984 924 auctoritatem
997 861 1215 946 infringerent.
1252 862 1319 928 Sed

304 963 355 1028 vel
386 987 429 1028 ex
465 975 599 1052 utraque
627 963 681 1028 illa
710 974 801 1051 parte
823 963 1029 1052 Aristophani
1059 967 1139 1031 nihil
1160 967 1228 1032 fere
1250 977 1320 1032 erat

302 1069 507 1134 metuendum
536 1080 568 1134 et
596 1077 727 1156 propter
755 1070 916 1157 publicam
947 1073 1016 1157 ejus
1047 1072 1263 1137 conditionem
1286 1084 1318 1137 et
1391 1129 1394 1138 2

243 1178 248 1186 '
302 1181 435 1260 propter
455 1174 645 1262 prudentem
668 1175 827 1260 quandam
848 1177 882 1238 in
903 1175 1123 1240 sacerdotibus
1141 1177 1317 1241 tractandis

302 1276 510 1342 clementiam.
544 1278 651 1358 Quum
670 1278 750 1342 nulli
763 1277 889 1343 illarum
909 1281 1104 1362 societatum,
1127 1303 1208 1366 quae
1232 1279 1316 1343 ἑται-

300 1385 367 1468 ρίαι
388 1375 496 1448 vocari
517 1383 676 1463 solebant,
709 1405 743 1447 se
766 1385 996 1469 conjunxisset,
1026 1407 1124 1469 quum
1153 1407 1316 1471 nunquam

300 1487 396 1552 totius
419 1487 564 1550 factionis
586 1494 693 1572 partes
714 1495 770 1550 ant
792 1485 978 1551 defenderet
1000 1497 1054 1552 aut
1077 1487 1315 1572 aggrederetur,

300 1589 358 1653 sed
379 1589 519 1674 singulos
541 1597 665 1654 tantum
685 1589 824 1652 nefarios
841 1591 985 1674 quamvis
997 1592 1230 1675 potentissimos
1244 1615 1316 1678 per-

299 1693 478 1777 stringeret,
503 1715 600 1778 quum
623 1692 750 1757 omnino
764 1714 890 1780 semper
903 1691 1085 1756 revocanda
1096 1695 1202 1778 prisca
1216 1717 1315 1764 aurea

300 1806 418 1880 aetate,
448 1797 538 1884 cujus
569 1795 783 1860 restituendae
812 1796 979 1861 consilium
1006 1817 1124 1860 vanum
1157 1801 1313 1864 somnium

300 1923 368 1966 esse
389 1901 534 1988 plerique
556 1899 741 1982 censebant,
772 1901 902 1965 unicum
924 1897 1083 1985 quendam
1104 1898 1210 1964 locum
1234 1902 1313 1966 obti-

298 2013 389 2070 neret
415 2006 499 2070 inter
529 2005 616 2068 cives
643 2004 677 2066 in
705 2003 811 2068 varias
839 2012 945 2090 partes
968 2002 1144 2085 distractos,
1166 2007 1312 2072 omnibus

299 2109 489 2175 factionibus
510 2108 704 2173 adversatus
736 2109 908 2194 unicuique
936 2107 1067 2172 factioni
1097 2109 1201 2193 potior
1235 2121 1312 2192 erat,

299 2235 395 2298 quam
416 2214 551 2278 aliarum
572 2212 705 2277 sodales.

362 2317 458 2398 Quod
485 2326 591 2382 autem
619 2315 662 2380 ad
692 2313 872 2378 sacerdotes
898 2317 1023 2399 attinet,
1055 2318 1209 2404 perpauci
1239 2328 1312 2382 sunt

298 2417 374 2504 loci,
396 2423 430 2486 in
452 2422 568 2509 quibus
592 2421 843 2492 eorummcntio
866 2419 940 2484 fiat:
972 2423 1029 2485 vix
1052 2423 1160 2486 dicere
1181 2445 1310 2487 necesse

298 2535 364 2608 est,
392 2527 425 2590 in
452 2526 583 2590 deorum
605 2522 771 2610 gentilium
792 2523 988 2588 verecundia
1015 2525 1111 2588 etiam
1132 2547 1243 2589 eorum
1264 2548 1311 2590 sa·

297 2629 439 2696 serdotes
461 2628 626 2708 concludi3
649 2648 747 2714 quare
768 2617 934 2692 Minervae
951 2637 983 2692 et
997 2626 1154 2720 Apollinis
1174 2630 1310 2694 ministri

296 2757 458 2822 nunquam
489 2740 788 2800 commemorantur:
824 2731 879 2796 alii
912 2755 971 2818 pro
1011 2733 1162 2814 deorum,
1195 2733 1310 2819 quibus

297 2849 484 2926 operantur,
514 2840 669 2925 dignitate
691 2838 808 2901 acriter
834 2846 890 2901 aut
911 2837 1024 2901 leniter
1045 2839 1310 2923 perstringuntur⁴

299 2943 390 3023 Quae
413 2945 454 3008 de
475 2944 596 3009 Bacchi
618 2941 783 3007 sacerdote
807 2941 955 3006 dicuntur
971 2941 1032 3029 ⁸⁸),
1064 2965 1168 3029 neque
1190 2945 1224 3007 in
1244 2959 1309 3009 m'a-

297 3045 377 3128 lam,
400 3069 503 3132 neque
528 3049 562 3111 in
583 3047 700 3111 bonam
723 3053 848 3130 partem
877 3047 959 3108 verti
980 3055 1123 3130 possunt:
1155 3046 1242 3110 idem
1258 3048 1309 3132 ju-

297 3149 415 3214 dicium
441 3151 481 3214 de
502 3151 556 3214 illo
578 3150 648 3214 loco
672 3147 767 3232 (Plut.
792 3149 1026 3230 1171—1196)
1058 3149 1225 3214 ferendum
1253 3161 1308 3233 est,

297 3253 353 3317 ubi
374 3253 451 3326 Διὸς
472 3255 608 3337 σωτῆρος
629 3250 778 3316 sacerdos
800 3251 1027 3318 sacrificiorum
1050 3263 1183 3339 quaestu
1203 3255 1308 3340 priva-

295 3369 345 3423 tus
367 3357 409 3423 ad
430 3358 560 3423 Plutum
583 3357 679 3422 deum
699 3379 784 3422 nova
807 3357 961 3443 dignitate
978 3365 1104 3422 auctum
1120 3359 1306 3443 transfugit:

294 3461 373 3526 nihil
395 3441 483 3528 aliud
504 3461 578 3526 huic
594 3463 671 3550 joco
693 3463 795 3529 inesse
818 3472 912 3548 puto,
944 3485 1040 3548 quam
1061 3459 1201 3548 lepidam
1222 3461 1307 3525 Pluti

293 3569 422 3634 honoris
454 3567 707 3654 superlationem.
759 3567 938 3632 Avaritiam
970 3565 1063 3652 hujus
1085 3565 1220 3649 ordinis,
1251 3569 1306 3652 qui

294 3672 347 3736 illo
369 3680 512 3758 tempore
533 3682 569 3736 ut
589 3672 751 3736 interdum
776 3673 872 3737 etiam
893 3669 989 3734 hodie
1014 3692 1095 3754 quae
1118 3669 1179 3734 diis
1202 3669 1307 3735 oblata

295 3785 394 3859 crant,
417 3775 479 3840 sibi
501 3775 665 3840 vindicare
688 3775 819 3859 solebat,
840 3776 908 3838 sine
930 3773 994 3837 ullo
1015 3772 1157 3860 periculo
1171 3773 1306 3837 irridere

294 3882 397 3966 potuit
429 3881 463 3943 in
494 3877 678 3966 Aesculapii
712 3879 876 3944 sacerdote
908 3877 1003 3961 (Plut.
1041 3879 1105 3942 670
1126 3883 1222 3964 sqq.),
1252 3880 1306 3964 qui

293 3985 408 4050 nullius
428 3985 495 4049 fere
518 3992 586 4047 erat
608 3987 813 4050 auctoritatis.
866 3983 985 4047 Avium
1000 3981 1043 4066 ⁸⁹)
1077 3993 1183 4048 autem
1205 4005 1306 4047 sacer·

295 4087 371 4170 dos,
400 4090 455 4175 qui
476 4111 516 4154 ne
539 4095 660 4152 certum
683 4077 812 4176 quidem
835 4089 887 4152 dei
911 4111 1025 4153 nomen
1047 4111 1124 4174 prae
1146 4110 1179 4151 se
1201 4088 1306 4154 ferens

365 4305 411 4376 88)
429 4304 499 4358 Aah.
522 4308 598 4362 1087.
619 4311 713 4380 equitt.
735 4311 796 4364 536.
817 4323 874 4360 ren.
893 4307 956 4360 297.

253 4390 256 4396 ’
364 4394 409 4466 89)
428 4412 468 4448 ar.
488 4396 638 4451 848-894.
