3040 5284
569 467 606 531 17

83 632 242 718 perandos
270 635 335 698 vim
364 633 503 721 aliquam
533 657 686 702 exercere
707 634 869 701 voluisse?
902 633 1011 717 Quare
1033 659 1097 702 non

82 747 203 803 temere
238 723 317 804 mihi
350 741 542 826 persuasisse
571 741 722 824 videbor,
752 739 997 827 Aristophanem
1024 763 1096 808 con-

84 843 179 907 stanti
207 839 345 929 quadam
372 865 481 908 earum
509 865 616 910 rerum
644 845 806 927 irrisione,
835 851 915 931 quae
944 867 964 909 a
994 843 1096 912 divini

83 947 222 1012 numinis
250 947 416 1012 sanctitate
441 935 613 1015 abhorrere
641 951 671 1014 ei
692 949 893 1032 viderentur,
926 949 1096 1036 populares

85 1071 123 1114 eo
145 1049 306 1114 adducere
327 1049 389 1115 sibi
409 1053 628 1138 proposuisse,
657 1061 694 1118 ut
714 1053 797 1119 ultro
823 1053 922 1118 irritis
943 1053 1096 1138 opinioni-

84 1153 144 1218 bus
166 1153 339 1218 defioerent
359 1175 469 1241 eaque,
491 1178 573 1243 quae
593 1178 699 1221 sacras
719 1155 889 1242 religiones
918 1156 1097 1224 deformare

86 1265 228 1321 nostrum
256 1279 350 1322 nemo
385 1281 449 1324 non
478 1258 586 1342 videt,
619 1260 852 1324 renunciarent
903 1260 943 1324 In
970 1260 1096 1326 illarum

58 1341 60 1354 ¹
85 1369 192 1426 autem
212 1384 320 1428 rerum
348 1384 517 1428 numerum
542 1363 699 1450 imprimis
719 1363 824 1428 refero
845 1361 1014 1449 religiones
1035 1381 1097 1452 pe·

84 1447 228 1552 regrinas
241 1474 282 1530 et
302 1465 515 1551 adventiciae,
535 1475 662 1555 turpem
681 1468 904 1533 vaticiniorum
923 1471 1096 1555 quaestum,
1160 1464 1162 1528 ἶ

86 1569 213 1633 omnino
250 1590 379 1634 caecam
412 1567 654 1636 Atheniensium
682 1572 945 1658 superstitionem.
1005 1572 1097 1654 Quae

85 1681 204 1760 quanta
224 1695 297 1739 cum
318 1673 491 1741 acerbitate
512 1683 608 1764 poeta
628 1677 749 1763 asperis
770 1676 956 1740 facetiarum
978 1676 1097 1742 aculeis

84 1785 268 1864 persecutus
290 1777 345 1861 sit,
367 1775 521 1864 exemplis
541 1778 698 1844 nonnullis
720 1778 971 1864 comprobemus.
1007 1779 1096 1846 Inter

84 1883 254 1970 religiones
272 1884 475 1970 peregrinas,
497 1905 575 1970 quas
594 1882 805 1948 Athenienses
825 1905 948 1948 summa
968 1881 1097 1950 levitate

84 1989 244 2075 recepisse
264 2009 303 2052 ac
324 2008 478 2073 persaepe
498 1989 660 2052 noctumis
689 1989 786 2073 orgiis
812 1985 989 2052 celebrasse
1009 1990 1097 2054 novi-

84 2115 172 2176 mus,
192 2090 365 2178 praecipue
386 2090 421 2154 in
443 2112 496 2154 eas
516 2089 661 2156 bacchici
682 2091 783 2156 cidtus
803 2101 928 2178 partes,
948 2112 1027 2177 quas
1042 2114 1097 2180 pe·

84 2195 207 2281 regrini
219 2216 261 2258 ex
272 2191 351 2258 Asia
364 2192 506 2258 Athenas
521 2193 761 2280 transtulerant,
775 2194 943 2260 invehitur.
980 2195 1097 2277 Quam·

83 2301 134 2364 vis
156 2299 240 2364 enim
262 2299 399 2363 civitatis
419 2297 506 2384 leges
527 2320 650 2383 omnes,
672 2301 728 2386 qui
747 2299 954 2386 religionibus
970 2300 1098 2387 publice

82 2427 148 2470 non
168 2403 305 2490 receptis
325 2399 540 2488 indulgerent,
561 2425 666 2489 poena
686 2403 770 2467 affici
784 2404 967 2490 jussissent,
989 2413 1096 2472 tamen

84 2507 321 2594 magistratibus
350 2528 415 2571 non
445 2507 540 2572 nimis
566 2507 656 2572 cordi
687 2517 771 2590 erat,
801 2507 856 2572 illa
877 2529 969 2574 sacra
988 2510 1022 2574 in
1043 2510 1097 2576 ab·

85 2613 160 2677 ditis
181 2611 271 2676 urbis
293 2610 416 2696 angulis
438 2609 651 2697 celebrataw)
683 2609 869 2698 protrahere
900 2612 1096 2708 meritaeque

83 2737 206 2804 poenae
227 2713 363 2779 tradere.
405 2711 530 2800 'Optimi
552 2715 650 2800 igitur
679 2715 832 2800 cujusque
861 2722 930 2778 erat
951 2707 1097 2782 bmnibus

84 2820 208 2886 viribus
228 2817 264 2881 id
285 2838 397 2902 agere,
427 2825 463 2882 ut
491 2815 647 2903 ejusmodi
675 2817 859 2902 religiones,
889 2840 968 2905 quas
996 2819 1097 2886 maxi·

82 2947 172 2989 mum
194 2921 418 2986 detrimentum
446 2920 642 3010 reipublicae
669 2920 811 2989 moribus
833 2921 1097 3010 afferrenecesse

84 3037 170 3111 erat,
200 3047 325 3114 quaque
353 3025 474 3090 ratione
511 3025 705 3091 tollerentur.
764 3025 811 3091 Ut
841 3025 896 3090 alii
921 3025 1098 3110 facundiae,

83 3132 224 3220 gratiae,
247 3129 441 3194 auctoritatis
464 3130 498 3194 vi
520 3129 563 3194 ad
584 3129 821 3216 infringendam
837 3152 948 3194 earum
964 3131 1098 3196 auctori-

82 3246 183 3304 tatem
202 3233 389 3316 utebantur,
422 3235 468 3299 ita
487 3233 718 3322 Aristophanes
746 3234 828 3300 salso
850 3235 945 3300 dente
967 3234 1099 3300 eroden-

84 3342 135 3407 dis
156 3359 311 3405 summam
338 3358 468 3423 operam
492 3339 641 3402 navabat.
691 3338 767 3404 Jam
793 3339 909 3420 Cicero
926 3339 967 3422 5⁰)
998 3340 1098 3405 maxi·

83 3469 156 3512 mae
170 3442 259 3510 laudi
271 3442 302 3506 ei
322 3440 448 3523 tribuit,
470 3439 556 3526 quod
579 3462 696 3523 „novos
714 3439 795 3515 deos
817 3450 849 3506 et
869 3443 904 3506 in
924 3440 974 3506 his
996 3441 1098 3507 colen-

154 3938 200 4011 29)
227 3935 377 4000 Homines,
408 3936 455 4010 qui
480 3936 508 3989 in
531 3935 632 3990 talibus
658 3937 742 4008 orgiis
766 3939 956 4002 venabantur,
986 3952 1098 3990 scenos

82 4030 231 4090 librorum,
257 4042 326 4098 quos
349 4023 382 4077 ah
402 4023 515 4095 Orpheo
540 4033 569 4078 et
592 4023 707 4081 Musaeo
731 4028 870 4098 profectos
896 4044 957 4082 esse
982 4025 1098 4080 simuln-

80 4119 161 4181 hsnt,
181 4131 275 4169 secum
293 4113 406 4178 tulisse,
429 4120 460 4166 ut
485 4114 655 4169 auctoritatis
676 4115 796 4186 speciem
816 4117 952 4190 quandam
969 4114 1030 4169 suis
1049 4131 1098 4168 ιι-

80 4209 133 4264 cris
154 4206 317 4268 induerent,
335 4201 404 4256 Plat.
425 4203 459 4256 de
478 4219 536 4273 rep.
556 4221 618 4274 pag.
637 4205 700 4259 364.
715 4201 749 4258 Ε.
769 4215 869 4263 narrat·

154 4297 199 4370 30)
220 4294 263 4350 Da
281 4295 354 4364 legg.
372 4291 408 4358 ll,
426 4293 468 4356 15,
482 4293 527 4346 37.

798 4399 818 4462 2

1157 3467 1163 3581 l
1273 3535 1278 3540 .

84 3551 135 3616 dis
155 3557 325 3616 nocturnas
352 3543 614 3632 pervigilationes
640 3544 686 3608 sic
714 3552 827 3628 vexet,
855 3553 892 3609 ut
917 3543 1005 3632 apud
1026 3567 1099 3610 eum
1156 3590 1162 3637 t

85 3655 238 3722 Sabanim
260 3660 292 3717 et
313 3649 445 3738 quidam
466 3648 520 3714 alii
552 3647 598 3714 dii
627 3649 789 3736 peregrini
819 3673 837 3714 e
863 3650 992 3716 civitate
1014 3651 1099 3738 ejici-
