3040 5284
932 631 954 693 4

432 801 492 882 tio,
523 800 669 885 quamvis
703 799 845 864 maximo
872 801 1020 864 acumine
1053 801 1235 885 conscripta
1265 801 1321 883 sit,
1349 809 1460 864 tamen

432 925 497 967 non
520 889 667 967 omnibus
691 901 900 987 expertibus
922 924 991 966 rem
1013 901 1163 988 amplexa
1184 911 1217 966 et
1233 905 1360 968 omnino
1374 925 1461 986 eum,

433 1028 496 1090 quo
519 1004 615 1070 hodie
637 1005 742 1090 posita
764 1012 812 1068 est
832 1003 1048 1090 mythologice
1069 1006 1215 1088 scientia,
1247 1006 1353 1070 locum
1375 1029 1461 1071 asse-

432 1117 507 1174 cuta
536 1130 600 1172 non
631 1129 700 1171 esse
729 1105 808 1170 mihi
837 1106 982 1171 videtur:
1016 1129 1115 1193 quare
1133 1130 1233 1173 ausus
1255 1131 1341 1191 sum,
1374 1130 1461 1195 quae

432 1211 512 1274 mihi
548 1209 798 1296 Aristophanem
840 1211 956 1274 iterum
997 1211 1176 1297 iterumq'ue
1208 1211 1386 1297 perlegenti
1423 1213 1462 1275 in

432 1321 572 1390 mentem
593 1321 760 1395 venerunt,
782 1312 835 1376 hic
856 1334 1035 1398 proponere
1046 1361 1054 1395 ,
1078 1335 1117 1376 ea
1136 1321 1260 1376 tantum
1282 1335 1338 1399 spe
1360 1315 1462 1398 nisus,

432 1417 501 1482 iore
522 1425 559 1484 ut
578 1417 641 1486 viri
664 1414 752 1486 docti
775 1437 813 1484 ea
835 1438 899 1500 qua
920 1438 1000 1500 opus
1030 1417 1078 1490 est
1098 1415 1299 1500 indulgentia
1319 1425 1464 1492 tractent

433 1519 490 1586 hos
512 1518 691 1586 studiorum
712 1539 857 1585 meorum
878 1514 1044 1604 primitias.

497 1621 653 1702 Quamvis
685 1622 815 1694 minime
841 1643 893 1696 me
915 1621 1030 1706 fugiat,
1061 1620 1217 1706 ejusmodi
1239 1621 1464 1708 quaestionem

433 1749 497 1794 nou
523 1748 565 1792 ex
593 1724 660 1794 solo
686 1722 918 1820 Aristophane,
938 1723 1011 1820 'sed
1041 1746 1083 1791 ex
1113 1723 1260 1800 omnibus
1289 1745 1371 1809 quae
1402 1747 1463 1788 ex-

433 1840 518 1898 stant
539 1830 658 1898 vetoris
679 1827 864 1902 comoediae
883 1827 1071 1912 fragmentis
1093 1826 1279 1904 soluendam
1302 1848 1370 1900 esse
1381 1875 1390 1908 ,
1413 1836 1464 1892 ta-

433 1957 508 1998 men
527 1943 651 2000 tantum
673 1934 852 2018 inceptum,
883 1933 936 1999 oui
964 1952 1050 2004 nuno
1068 1953 1172 2017 neque
1200 1953 1273 2002 mea
1299 1930 1463 2014 doctrina,

433 2047 538 2120 neque,
557 2034 651 2118 hujus
668 2033 767 2104 libelli
783 2036 921 2110 ambitus
934 2059 994 2120 par
1008 2044 1064 2116 est,
1079 2036 1466 2121 inposterioratempora

434 2136 542 2204 distuli
565 2136 671 2206 ethio
694 2135 734 2198 de
756 2134 971 2220 Aristophane
998 2127 1082 2219 tolo,
1111 2147 1143 2212 et
1169 2138 1210 2208 de
1232 2140 1365 2224 integris
1388 2139 1465 2224 ejus

434 2239 609 2305 eomoediis
640 2247 673 2302 et
695 2238 744 2301 de.
759 2237 999 2328 deperditatfum
1021 2238 1165 2324 reliquis,
1196 2241 1351 2320 disserere
1378 2241 1465 2312 mihi

434 2343 594 2431 proposui.
623 2341 813 2427 Priusquam
830 2351 938 2418 autem
961 2345 1064 2440 ipsam
1086 2365 1154 2418 ‚rem
1176 2346 1357 2430 aggredior,
1380 2367 1464 2431 pau-

434 2449 479 2511 cis
514 2445 691 2528 Boettigeri
710 2446 916 2522 *sententiam
954 2467 1117 2532 exponere
1149 2447 1228 2512 mihi
1265 2447 1377 2530 boeot,
1417 2471 1464 2512 ne

434 2570 560 2634 semper
581 2549 615 2620 in
637 2546 835 2623 enucleanda
855 2571 930 2624 mea
949 2550 1049 2636 ipsius
1072 2551 1220 2636 opinione
1241 2550 1284 2619 ad
1305 2549 1395 2626 illam
1409 2573 1465 2618 re-

436 2651 506 2721 dire
528 2658 657 2724 coactus
677 2650 746 2714 sim.
902 2669 917 2726 ,·
1204 2639 1222 2732 Ἰ
1476 2671 1479 2676 “

504 2754 619 2825 Statim
653 2754 694 2826 ab
726 2754 817 2828 initio
851 2753 1100 2842 Aristophanem
1135 2756 1214 2822 dicit
1247 2756 1385 2842 grassari
1424 2755 1464 2818 in

434 2861 566 2928 numina
586 2881 649 2930 non
672 2856 774 2950 solum
795 2859 967 2942 peregrina
1000 2868 1032 2923 et
1053 2859 1250 2942 adventicia,
1279 2857 1337 2924 sed
1359 2861 1464 2926 etiam

435 2961 660 3050 antiquissimis
682 2960 864 3032 acrimoniis
886 2959 1038 3040 adorata,
1059 2960 1148 3028 urbis
1167 2961 1316 3029 tutelario
1338 2967 1370 3024 et
1391 2981 1464 3021 πα-

434 3066 534 3148 ςρῷᾳ,
564 3062 652 3134 festis
684 3060 812 3142 diebus,
851 3059 1028 3141 sacrifieiis,
1059 3061 1185 3145 pompis
1218 3061 1466 3144 religiosissime

435 3165 528 3236 eulta.
572 3165 678 3246 Quam
699 3185 769 3228 rem
789 3162 884 3248 plane
906 3161 999 3226 aliter
1019 3183 1054 3226 se
1076 3161 1211 3242 habere,
1245 3181 1342 3245 quum
1365 3163 1465 3246 infra,

436 3269 495 3336 ubi
515 3289 589 3340 mea
610 3267 843 3353 argumentatio
865 3286 974 3338 secum
996 3265 1086 3346 feret,
1105 3262 1250 3350 pluribus
1272 3263 1382 3334 verbis
1406 3264 1466 3329 de-

434 3380 611 3440 monstrare
638 3373 670 3440 ia
694 3371 835 3445 animula
856 3368 1056 3451 induxerim,
1088 3366 1226 3435 sufficiat
1246 3367 1465 3452 praemisisse,

435 3475 684 3561 Aristophanem
719 3473 781 3543 diis
817 3471 1003 3558 gentilibus,
1027 3483 1115 3558 'quos
1143 3467 1310 3554 πάτριῄους
1339 3491 1464 3536 vocare

435 3579 580 3648 solebant
603 3578 735 3658 Graeci,
758 3575 999 3660 diligentissime
1022 3574 1212 3642 abstinuisse
1235 3571 1372 3636 dentem.

498 3683 538 3750 In
559 3682 660 3766 priori
681 3679 955 3752 commentationis
981 3685 1073 3761 parte
1095 3675 1262 3758 Boettiger
1284 3677 1464 3762 contendit,

434 3782 682 3866 Aristophanem
711 3781 883 3863 impietatis
908 3779 1052 3843 accusari
1080 3802 1145 3844 non
1171 3783 1327 3868 potuisse,
1359 3804 1465 3869 quum

323 3875 324 3878 ¹
434 3887 468 3948 in
490 3886 576 3948 omni
597 3905 705 3947 rerum
727 3881 908 3960 Atticarum
929 3882 1084 3946 memoria
1115 3884 1139 3946 ii
1166 3894 1290 3948 tantum
1312 3883 1465 3965 ἀσεβείας

435 3988 579 4052 arcessiti
600 3988 671 4069 sint,
694 3985 749 4070 qui
771 3983 1038 4068 disputationibus
1061 3985 1181 4050 arritum
1204 3987 1336 4050 deorum
1358 4010 1464 4074 popu-

434 4091 549 4156 larium
585 4089 768 4156 sustulerint
801 4087 853 4151 vel
888 4086 1017 4152 Cereris
1058 4091 1212 4176 mysteria
1243 4085 1462 4176 profanarint:

436 4193 593 4278 ejusmodi
611 4193 733 4278 crimen
753 4191 888 4278 impingi
909 4212 973 4253 non
995 4194 1135 4277 potuisse
1158 4191 1338 4258 fabularum
1352 4203 1479 4276 aucto-¹

434 4294 543 4377 ribus,
570 4296 637 4361 sive
662 4295 763 4381 impia
789 4292 1003 4379 loquerentur.
1017 4293 1050 4366 in
1073 4317 1169 4360 scena
1189 4294 1334 4360 homines
1356 4303 1387 4359 et
1409 4289 1479 4384 an}

434 4400 593 4484 gumentis
615 4379 762 4466 refellere
785 4395 949 4464 studerent
970 4398 1081 4465 insitas
1108 4399 1149 4464 de
1171 4397 1233 4462 diis
1247 4399 1461 4484 popularibus
