3040 5284
903 489 922 553 8
973 581 976 588 ,

402 675 512 719 omnes
526 641 666 738 'graecos
688 653 834 718 civitates
864 653 920 720 ille
942 677 1069 741 quoque
1090 663 1211 738 aetate,
1242 677 1308 742 qua
1330 659 1452 722 variis

404 757 523 837 censis,
551 777 631 842 quos
663 754 717 818 hic
740 777 901 842 exponere
923 757 1054 842 longum
1083 768 1144 840 est,
1175 767 1211 823 ut
1232 759 1453 844 migrationi-

403 859 476 940 bus,
499 857 645 940 coloniis,
675 862 866 926 commercio
893 861 1090 946 singulorum
1114 860 1248 926 deorum
1270 862 1311 927 sb
1334 864 1453 927 initio

328 1041 334 1052 .
403 963 608 1026 veneratione
638 961 825 1028 effectorum
854 963 953 1028 cultui
983 963 1117 1035 nliorum
1146 965 1314 1058 numinum
1336 987 1456 1030 sacra

403 1065 568 1154 paullatim
602 1063 748 1131 admixto
777 1075 811 1131 et
837 1067 921 1131 inter
952 1065 1123 1152 religiones
1152 1066 1299 1152 publicas
1327 1069 1457 1133 relata

403 1179 509 1246 erent,
542 1155 712 1256 primdrios
740 1169 812 1234 illos
840 1169 917 1235 deos
946 1172 1121 1257 praecipuo
1142 1169 1263 1235 honore
1284 1170 1456 1237 effecisse

404 1272 557 1360 etflendo
577 1271 755 1357 παορρίους,
779 1273 856 1340 deos
877 1273 1012 1358 gentiles
1025 1273 1212 1361 appellasse,
1234 1275 1290 1359 qui
1311 1273 1457 1340 discer-

403 1383 556 1440 nerentur
578 1374 619 1440 ab
642 1375 712 1439 eliis
733 1375 917 1440 numinibus
943 1385 1055 1462 postea
1087 1401 1107 1442 a
1122 1361 1261 1442 'civitate
1281 1383 1456 1466 receptis.

405 1479 551 1561 Quorum
579 1480 670 1540 θεῶν
699 1477 855 1563 πατρῴων
883 1479 918 1542 in
946 1501 1079 1544 numero
1109 1481 1136 1544 si
1167 1482 1350 1566 quaerimus
1378 1487 1456 1570 qui

405 1581 541 1648 Athenis
562 1583 625 1646 sint
646 1579 748 1644 habiti
771 1581 950 1646 cavendum
977 1591 1038 1664 est,
1070 1604 1111 1646 ne
1132 1581 1230 1648 fidem
1250 1584 1458 1654 tribuentes

405 1686 609 1774 tigmentis,
632 1705 714 1771 quse
734 1681 851 1748 nullius
873 1693 946 1748 sunt
967 1685 1174 1769 auctoritatis,
1196 1696 1285 1751 recta
1302 1689 1457 1755 ratione

407 1791 617 1858 discedemus.
648 1791 839 1871 Minervam,
859 1795 965 1852 terrae
980 1786 1108 1852 Atticae
1123 1787 1307 1873 κλοηροῦχρυ,
1326 1790 1457 1858 -Athe-

404 1919 519 1962 nerum
531 1895 713 1974 πολιοῦχον,
735 1891 799 1956 huc
821 1913 890 1957 esse
911 1891 1113 1957 referendam
1133 1893 1267 1958 dubium
1281 1916 1350 1959 esse
1366 1919 1456 1962 non

405 1998 563 2085 potest⁷):
590 1995 648 2058 sed
669 1994 850 2080 Apollinem
873 2017 1008 2081 quoque,
1029 1996 1117 2062 Ionis
1138 2005 1271 2084 patrem,
1293 1997 1456 2066 Athenis

407 2123 466 2187 pro
490 2098 550 2164 deo
572 2095 684 2184 gentili
705 2096 851 2160 habitum
873 2118 952 2180 esse,
973 2099 1155 2164 firmissima
1176 2103 1318 2187 probent
1337 2127 1455 2189 argu-

406 2211 530 2266 menta:
541 2209 645 2264 'nemo
668 2207 737 2264 erat
754 2199 835 2263 civis
850 2198 1052 2284 atheniensis,
1073 2203 1136 2265 nisi
1149 2206 1202 2268 cui
1215 2216 1299 2271 esset
1311 2205 1454 2271 Ἀπόλ-

408 2304 473 2368 λων
494 2305 656 2390 πατρῷοςε
687 2323 786 2390 quere
807 2309 934 2388 patres,
957 2325 1056 2389 quum
1078 2304 1159 2370 filios
1183 2311 1354 2392 φρουρίοις
1377 2311 1453 2375 ad-

408 2405 594 2472 scribendos
616 2407 827 2488 curavissent,
862 2427 1026 2492 nunquam
1047 2409 1253 2495 negligebant
1274 2413 1451 2482 inducere

409 2533 463 2578 eos
485 2513 519 2576 in
540 2509 698 2598 Apollinis
721 2509 872 2598 πατρῴου
885 2511 1040 2599 templum
1054 2511 1091 2596 8).
1120 2514 1329 2600 inquisitione
1343 2521 1449 2585 enim

408 2793 565 2847 nemlichen
583 2789 761 2859 Verehrung‚
786 2786 906 2842 sondern
930 2787 1060 2842 zerflelen
1084 2787 1171 2842 selbst
1197 2787 1299 2842 wieder
1317 2787 1346 2840 in
1365 2785 1445 2840 sehr

407 2881 588 2936 verschiedne
606 2878 803 2948 lintegorieen‚
822 2877 908 2928 deren
928 2873 1087 2946 scheidung
1104 2877 1168 2930 eine
1189 2877 1239 2931 der
1257 2876 1443 2946 wichtigsten

408 2969 555 3039 Auigeben
572 2963 806 3036 mythologiseher
824 2961 986 3032 Forschung
1005 2965 1057 3048 ist!
1070 2995 1103 3004 -
1123 2995 1156 3004 -
1194 2963 1227 3020 ln
1246 2966 1300 3018 den
1317 2965 1442 3034 eigent-

408 3058 502 3112 lichen
520 3055 647 3110 Steinm—
664 3053 733 3108 oder
749 3051 950 3122 Stastsgitttern
968 3056 1064 3122 prigte
1084 3051 1143 3106 sich
1163 3053 1209 3108 die
1225 3055 1346 3130 sitiliohe
1366 3051 1442 3108 ldee

410 3147 459 3202 der
479 3141 771 3216 Steetsgemeinsohnst
789 3141 877 3195 selhst
895 3158 957 3203 aus;
977 3140 1037 3196 ihre
1054 3141 1217 3214 Verehrung
1235 3163 1290 3199 war
1302 3143 1441 3198 Lebens-

304 3282 319 3299 ,
410 3235 567 3304 hedingung
587 3233 636 3286 der
655 3230 816 3286 Gemeinde.
854 3227 907 3283 Die
926 3231 1043 3284 meisten
1063 3233 1180 3302 librigen
1200 3235 1323 3304 dagegen
1335 3233 1439 3288 hatten

410 3322 533 3376 kleinere
553 3317 724 3379 Gemeinden
749 3319 818 3373 oder
842 3336 934 3374 waren
960 3319 1010 3373 sui
1031 3321 1075 3374 die
1094 3321 1248 3392 freiwillige
1268 3321 1439 3392 Verehrung

411 3413 461 3466 der
492 3409 646 3480 Gliuhigen
672 3408 881 3477 ingessissem«
936 3407 1215 3480 (Gottesdienstlicho
1244 3410 1441 3466 Altsrthiimer

372 3503 374 3508 '
433 3503 508 3555 .7..

410 3502 431 3575 S
482 3501 510 3663 l)
528 3587 644 3643 Etiamsi
668 3569 765 3656 ingens
788 3586 835 3639 ills
860 3585 1040 3649 verecundis,
1066 3603 1119 3655 qun
1144 3566 1295 3640 Minervam
1322 3596 1438 3642 centum

413 3691 442 3736 et
459 3677 554 3748 viginti
572 3683 636 3730 ente
656 3673 735 3728 annis
755 3690 770 3725 s
790 3673 893 3742 populo
913 3673 1046 3736 effectam
1061 3687 1123 3724 esse
1142 3669 1279 3726 Herodoti
1299 3674 1439 3728 nerrrstio

412 3769 443 3842 (l,
461 3767 505 3840 60)
525 3763 697 3834 comprobet,
718 3761 902 3831 sophistarum
922 3760 1110 3825 sermonibus,
1135 3777 1251 3832 quorum
1269 3763 1323 3816 vim
1341 3753 1439 3816 Athe-

411 3857 524 3910 nienses
543 3868 599 3904 non
618 3865 731 3920 prorsus
751 3848 874 3918 effugere
894 3857 1035 3918 poterunt,
1067 3847 1160 3918 paullo
1185 3849 1352 3902 imminutum
1372 3866 1437 3902 esse

413 3945 571 4005 credemus,
590 3949 680 3994 tumen
699 3938 763 3992 iude
783 3937 876 4007 colligi
895 3945 1001 4008 potest,
1026 3946 1144 4010 quantus
1164 3937 1245 3990 etism
1265 3937 1436 4009 Aristopho-

335 4045 339 4066 ¹
413 4035 455 4088 nis
475 4029 644 4102 temporibus
663 4026 872 4082 summae-dese
890 4025 981 4080 honor
1000 4025 1091 4080 luerit.

483 4120 511 4192 8)
531 4116 573 4172 cf.
591 4115 734 4170 Demosth.
756 4133 780 4170 c.
800 4111 931 4168 Eubulid.
952 4113 982 4186 S.
1001 4116 1051 4170 54:
1091 4113 1159 4168 cite
1181 4114 1376 4169 παιδίουόντα
1398 4135 1432 4186 με

412 4209 511 4268 ευθέως
528 4201 593 4278 ἦγον
611 4210 649 4268 εἰς
665 4205 728 4283 τοὺςΙ
743 4205 893 4280 φράτορας,
921 4207 957 4264 εἰς
970 4203 1134 4262 Ἀπόλλωνος
1159 4202 1283 4273 πατρῴου
1306 4199 1379 4274 ἦγον,
1397 4209 1433 4266 εἰς

412 4294 490 4352 τᾶλλα
510 4295 577 4365 ἱεροὶ.
