3040 5284
621 502 753 635 391'

99 709 283 773 Primum
303 719 432 796 poetam
453 709 666 796 quadraginta
686 712 754 777 fere
775 735 834 800 per
854 733 953 778 annos
970 722 1148 780 constanter

104 813 168 877 de
208 813 327 878 iisdem
359 813 455 879 rebus
487 814 657 901 populares
683 818 904 905 objurgantem
928 818 1087 890 videmus:
1122 821 1148 884 si

101 929 244 982 autem
272 917 350 1004 quid
376 918 563 1004 profecisset
589 922 700 1007 primis
729 920 907 1006 conatibus,
923 945 1003 996 ‚non
1024 945 1149 1009 semper

104 1021 252 1087 eodem
273 1020 395 1086 revolvi
417 1043 491 1088 eum
512 1027 709 1110 oportuisset
752 1025 880 1091 Deinde
907 1024 1034 1091 saeculo
1055 1028 1149 1092 inter-

106 1127 221 1211 jecto
251 1125 500 1192 Demosthenem
532 1150 627 1215 quam
664 1129 805 1194 maxime
845 1139 1030 1216 querentem
1060 1129 1148 1195 audi-

108 1251 208 1293 mus
221 1229 266 1311 ⁷⁷)
297 1227 337 1292 de
358 1228 421 1294 illis
447 1232 607 1316 mysteriis
629 1231 945 1318 orphico-bacchicis
967 1254 1075 1298 omnes
1094 1256 1149 1298 an-

112 1333 229 1418 gulos
251 1333 522 1431 perreptantibus‚
549 1337 583 1399 in
612 1335 727 1421 quibus
757 1335 902 1402 fimetum
923 1359 990 1403 esse
1011 1339 1148 1402 muneri-

112 1440 198 1506 bus
218 1438 387 1504 serv'ilibus
407 1435 560 1502 Aeschini
581 1441 735 1504 acerrime
758 1439 814 1504 dat
835 1443 969 1506 crimini.
1003 1442 1148 1528 Peregri-

116 1567 250 1610 norum
271 1543 404 1608 deorum
425 1541 527 1607 cultus
550 1565 614 1608 non
635 1543 737 1608 solum
758 1544 900 1630 abjectos
920 1567 984 1610 non
997 1569 1073 1629 esse,
1090 1547 1148 1612 sed

122 1651 236 1714 etiam
256 1653 290 1712 in
312 1647 381 1712 dies
402 1645 572 1711 invaluisse
595 1656 627 1711 et
649 1669 691 1712 ex
713 1648 936 1712 Demosthenis
958 1650 1094 1736 querelis
1116 1660 1148 1716 et
1253 1644 1259 1650 ’

127 1775 180 1817 ex
202 1751 338 1816 Lueiani
360 1749 492 1814 deorum
514 1749 640 1826 concilii
661 1752 765 1836 capite
786 1751 837 1816 IX
862 1751 966 1839 (533),
988 1774 1083 1838 quem
1104 1754 1147 1820 lo-

129 1878 210 1922 cum
227 1856 297 1942 jam
318 1875 414 1940 supra
442 1849 587 1934 laudavi,
612 1853 831 1938 intelligimus,
864 1854 921 1920 ubi
948 1855 1075 1921 Momus
1106 1857 1147 1923 de
1265 1867 1268 1876 '

132 1962 272 2026 deorum
306 1966 398 2022 coetu
430 1978 502 2021 cum
523 1956 606 2021 Jove
630 1957 804 2022 collocutus
826 1957 883 2022 'his
905 1959 1012 2024 verbis
1033 1961 1146 2026 utitur:
1253 1983 1255 1992 ’

132 2063 211 2130 ἄλλ’
234 2063 369 2137 cumr
388 2085 439 2141 rs,
462 2058 489 2124 ὦ
511 2064 586 2145 Ζεῦ,
608 2065 662 2124 καὶ
683 2061 700 2126 ὁ
718 2062 864 2148 Κορύβας
885 2069 939 2151 καὶ
960 2063 1149 2146 ὁΣαβάζιος

133 2175 247 2238 πόθεν
267 2173 343 2256 ἡμῖν
364 2166 676 2254 ἐπεισεκυκλήθησαν
697 2165 783 2233 οὗτοι
805 2173 825 2255 ἢ
846 2169 1015 2255 ὄΜίθρης
1031 2170 1150 2264 ἐκεῖνος

133 2280 154 2344 ὅ
179 2275 296 2362 Μῆδος
317 2274 335 2338 ὃ
355 2274 412 2364 cdv
432 2273 554 2338 κάνδυν
575 2275 853 2362 adludentibus,
886 2273 961 2338 oses
983 2273 1149 2360 ἑλληνίζων

83 2409 92 2415 -
131 2387 173 2474 τῇ
198 2385 290 2472 φωνῇ
312 2378 389 2443 ὥστε
413 2376 484 2441 odd0
505 2381 545 2463 ἢν
573 2369 710 2467 προςαίῃ
740 2401 784 2454 ας
805 2381 940 2464 §orique
970 2377 1036 2444 Sed
1056 2379 1149 2467 plura

134 2488 180 2552 de
202 2486 262 2550 hac
283 2506 318 2549 re
342 2481 498 2554 disserere
520 2483 663 2569 paucitas
692 2485 882 2549 nunciorum
902 2483 944 2548 ab
965 2484 1042 2570 ipsis
1064 2495 1171 2560 vete·¹

133 2591 226 2656 ribus
250 2587 442 2654 traditorum
472 2607 530 2651 nos
558 2595 662 2650 vetat:
696 2609 794 2674 quare
824 2588 930 2652 statim
957 2586 1000 2652 ad
1021 2589 1147 2652 tertiam

135 2695 363 2782 quaestionem,
386 2712 449 2776 qua
469 2689 566 2754 finem
587 2689 693 2754 facere
715 2691 789 2756 huic
810 2691 1147 2756 commentatiunculae

132 2799 215 2864 mihi
236 2799 271 2861 in
290 2797 395 2860 animo
418 2802 480 2876 est,
502 2792 701 2858 accedamus.

203 2901 239 2966 Si
269 2909 419 2964 excutere
449 2896 613 2980 volumus,
644 2895 803 2984 quomodo
824 2895 1052 2984 Aristophanes
1074 2897 1149 2962 effu·
1233 2893 1243 2914 ⁸

135 3021 215 3094 gere
236 3005 376 3092 potuerit
396 2999 525 3087 γραφὰς
546 2999 705 3084 ἀσεβείας,
724 3002 839 3090 quibus
861 3023 968 3068 omncs
989 3002 1147 3086 insectari,

135 3111 194 3198 qui
223 3107 287 3174 ullo
318 3105 414 3172 modo
442 3107 555 3192 patriis
585 3105 791 3192 religionibus
820 3105 1013 3170 detrimenti·
1026 3103 1148 3192 aliquid

134 3213 255 3279 inferre
283 3208 485 3291 viderentur,
514 3207 725 3275 Athenienses
752 3211 846 3274 nimis
871 3209 1022 3296 propensi
1048 3218 1148 3293 erant,

136 3327 211 3385 ante
235 3317 341 3383 omnia
361 3316 396 3379 in
417 3313 500 3379 illius
521 3317 648 3398 γραφῆς
677 3325 824 3380 naturam
846 3314 1028 3400 diligentius
1047 3316 1148 3402 inqui-

134 3420 272 3489 rendum
294 3427 349 3484 est.
392 3417 483 3498 Quae
504 3416 621 3482 Pollux
642 3419 675 3482 in
699 3418 902 3484 Onomastico
917 3418 1030 3502 (VIII,
1051 3418 1095 3481 40
1117 3427 1149 3482 et
1175 3426 1177 3435 ’
1222 3401 1225 3410 ’

136 3529 189 3615 90)
211 3525 384 3591 memoriae
405 3531 530 3588 nostrae
552 3523 693 3605 tradidit,
717 3522 759 3586 ad
781 3523 914 3586 formam
936 3523 970 3586 in
992 3520 1147 3608 ejusmodi

138 3634 242 3701 causis
266 3627 411 3695 dicendis
431 3628 632 3694 observatam
653 3635 813 3715 spectant:
836 3648 899 3714 qua
920 3635 1027 3692 autem
1041 3625 1147 3691 condi-

57 3722 60 3726 ¹
134 3741 222 3806 tione
244 3734 420 3822 quibusque
441 3732 621 3798 hominibus
639 3733 743 3820 ipsum
764 3731 935 3817 impietatis
957 3730 1077 3794 crimen
1091 3731 1148 3796 im·

127 3841 227 3930 'pingi
247 3827 402 3926 potuerit,
425 3849 529 3905 nemo
556 3843 701 3900 veterum
721 3835 911 3932 scriptorum
933 3833 1058 3899 disertis
1078 3855 1148 3898 ver-

135 3949 188 4014 bis
208 3943 300 4010 nobis
323 3941 409 4006 dicit.
452 3941 543 4023 Quae
565 3963 663 4028 quum
682 3942 728 4005 ita
749 3941 820 4023 sint‚·
841 3961 883 4003 ex
898 3937 1029 4024 singulis
1042 3958 1147 4002 exem-

136 4049 198 4140 plis
220 4043 433 4132 colligendum
455 4053 519 4127 est,
547 4053 655 4110 utrum
685 4040 853 4109 noster'in
883 4064 993 4109 eorum
1014 4061 1146 4106 numero

137 4150 302 4220 habendus
331 4149 383 4231 sit,
417 4148 472 4234 qui
504 4149 675 4234 impietatis
703 4148 820 4214 arcessi
849 4147 1010 4233 potuerint
1037 4166 1147 4210 necne.

207 4349 251 4422 77)
271 4363 320 4418 pro
341 4359 440 4399 corona
460 4341 489 4415 S.
508 4339 658 4396 ans-260.
