3040 5284
842 474 885 538 32

426 643 553 726 Restat,
583 641 673 717 utin
694 639 925 706 considerando
955 641 1049 708 tertio
1074 663 1192 730 genere
1220 641 1376 726 locorum,

253 817 262 826 ἡ
363 745 418 832 qui
440 745 517 810 deos
538 753 571 809 et
590 765 642 808 res
665 741 790 808 divium
811 743 996 810 comoediae
1015 745 1207 826 immiscent,
1229 741 1376 831 paullum
1397 799 1400 806 .

363 868 603 914 commoremur.
647 845 764 912 Omnia
784 845 848 912 huc
869 832 1038 912 referenda
1059 869 1126 914 esse
1153 846 1233 912 mihi
1260 843 1375 910 viden-

319 962 322 974 '
362 960 431 1034 tur,
454 972 535 1038 quae
556 949 597 1015 ab
619 947 832 1036 Aristophane
853 950 888 1013 in
909 970 1036 1014 scenam
1048 949 1205 1038 producta
1220 958 1294 1015 sunt
1307 970 1376 1014 non

363 1077 402 1120 ea
414 1064 539 1144 mente,
563 1063 600 1121 ut
625 1053 764 1120 ludibrio
789 1053 999 1136 haberentur,
1027 1055 1085 1120 sed
1111 1056 1202 1120 utin
1229 1055 1375 1141 ipsarum
1424 1123 1427 1132 ,

361 1158 540 1226 fabularum
552 1182 723 1248 progressu
737 1159 859 1246 aliquid
874 1159 1025 1226 valerent.
1068 1160 1200 1224 Minime
1213 1159 1248 1223 in
1265 1159 1375 1224 animo

363 1280 419 1355 est,
439 1293 576 1356 negare,
607 1271 734 1357 saepius
767 1270 862 1334 etiam
895 1268 949 1332 hic
972 1271 1064 1356 jocos
1092 1269 1276 1334 admisceri:
1310 1267 1375 1332 hoc

362 1381 485 1437 tentum
519 1371 752 1455 contenderim,
785 1371 942 1458 ejusmodi
969 1372 1046 1438 locis
1074 1395 1126 1438 res
1155 1373 1279 1468 divinas
1308 1393 1375 1436 non

357 1476 517 1561 jocorum,
540 1475 598 1540 sed
618 1477 760 1563 ipsarum
781 1497 877 1566 causa
900 1485 1117 1580 spectatorum
1148 1474 1278 1542 auribus
1300 1497 1375 1540 ocu·

363 1579 464 1664 lisque
486 1578 642 1672 praeberi.
698 1578 817 1645 Graeci
838 1578 985 1645 omnibus
1005 1579 1072 1644 sere
1093 1581 1228 1666 negotiis
1249 1599 1374 1644 sacram

357 1681 525 1768 quandam
545 1683 685 1771 speciem
707 1675 841 1748 induere
863 1681 1006 1749 solebant
1027 1681 1199 1766 sacrificiis,
1219 1682 1374 1770 precatio·

362 1785 456 1850 nibus
477 1785 610 1872 aliisque
631 1785 741 1851 rebus:
763 1787 791 1851 si
808 1787 1060 1870 meminerimus,
1082 1794 1217 1872 quantus
1236 1791 1373 1849 exeunte

363 1888 488 1954 saeculo
511 1891 620 1976 quinto
642 1889 766 1955 dierum
788 1889 939 1956 festorum
966 1911 1117 1956 numerus
1139 1898 1171 1954 et
1190 1889 1318 1977 publicc'
1341 1896 1374 1952 et

361 1993 513 2079 privatim
526 1993 637 2076 fuerit,
657 2015 722 2059 non
735 1995 936 2080 mirabimur,
952 1993 1162 2060 Athenienses
1177 1995 1233 2080 qui
1246 1992 1373 2058 omnino

363 2105 492 2184 praeter
520 2096 734 2183 judicandum
766 2107 798 2162 et
829 2099 1082 2165 concionandum
1108 2099 1224 2190 paucis
1251 2107 1374 2162 tantum

363 2199 547 2266 muneribus
567 2201 790 2286 frangebantur,
811 2205 985 2268 maximam
1005 2205 1156 2290 temporis
1178 2211 1303 2290 partem
1324 2225 1371 2267 sa-

366 2307 429 2370 cris
460 2303 670 2390 procurandis
700 2305 902 2392 impendisse.
957 2305 1049 2387 Quae
1081 2315 1187 2372 autem
1213 2308 1247 2370 in
1275 2307 1376 2394 quoti-

365 2408 461 2474 diana
489 2409 557 2472 vita
586 2409 666 2472 tanti
695 2417 786 2473 eraut
813 2411 979 2492 momenti,
1014 2411 1110 2474 etiam
1137 2411 1171 2474 in
1200 2409 1366 2476 comoedia

363 2534 445 2600 quae
465 2511 617 2599 plurimas
638 2513 793 2598 imagines
816 2535 858 2576 cx
878 2512 963 2578 illius
991 2515 1157 2600 provincia
1185 2514 1246 2579 sibi
1275 2536 1376 2579 sume.

363 2617 432 2700 bat,
454 2616 665 2702 praetermitti
685 2626 748 2681 'uon
769 2602 930 2704 poterant,
952 2619 1140 2703 pracsertim
1162 2640 1260 2704 quum
1276 2617 1374 2683 Athe·

284 2788 287 2794 ,
363 2723 488 2786 nienses
510 2720 676 2808 spectandi
703 2722 923 2788 studiosissimi
951 2723 1088 2809 pompis,
1116 2724 1215 2787 sacris
1243 2722 1375 2808 aliisque

364 2825 544 2889 cerimoniis
570 2826 604 2890 in
633 2847 761 2890 scenam
791 2826 956 2914 productis
985 2827 1102 2890 eximie
1133 2826 1375 2918 delectarentur.

365 2930 473 3012 Quare
495 2955 530 2996 m
559 2932 725 3018 permultis
760 2931 983 3018 Aristophanis
1015 2929 1130 2995 fabulis
1158 2930 1315 2995 sacrificia
1341 2932 1375 2994 in

277 3111 279 3117 A
365 3043 569 3122 conspectum
590 3035 681 3100 nobis
705 3034 820 3100 dantur
841 3035 919 3099 nulli
940 3034 994 3098 alii
1016 3032 1145 3110 consilio
1161 3033 1374 3120 inservientia,

364 3159 459 3224 quam
480 3141 540 3202 rite
563 3137 765 3224 peragendae
791 3136 918 3203 fabulae
949 3138 1074 3202 actioni.
1124 3137 1292 3222 Trygaeus
1311 3161 1376 3204 non

363 3241 431 3304 sine
453 3240 604 3305 libatione
624 3241 743 3304 Pacem
763 3241 939 3306 tenebrosis
965 3240 1096 3307 latebris
1119 3242 1243 3327 eripere
1264 3251 1375 3324 tentat,

362 3345 397 3408 in
417 3352 537 3408 terram
557 3344 724 3409 reductam
745 3345 866 3410 solenni
895 3345 1050 3412 sacrificio
1079 3345 1234 3428 celebrat,
1254 3345 1377 3410 Pisthe·

362 3456 469 3512 taerus
490 3469 574 3512 nova
595 3447 675 3513 urbe
692 3447 821 3514 condita
835 3448 959 3539 debitis·
966 3451 1063 3514 sacris
1074 3458 1233 3535 operatur,
1254 3449 1376 3513 Praxa-

282 3565 300 3610 ’.
362 3573 441 3636 gera
462 3560 536 3616 ante
556 3551 745 3618 muliebrem
774 3552 957 3618 concionem
988 3551 1148 3639 piaculum
1178 3551 1376 3630 circumferri

358 3653 523 3744 jubet'ssf),
547 3655 736 3742 Chremylus
758 3665 844 3720 certe
865 3665 938 3743 post
951 3652 1133 3740 scenam‘59)
1155 3652 1249 3724 Pluto
1264 3664 1375 3722 sanato

363 3758 425 3824 diis
446 3781 534 3823 suem
541 3809 550 3841 ,
572 3782 704 3846 caprum
711 3809 721 3844 ,
750 3761 882 3846 arietem
908 3766 1038 3839 mactat,
1070 3757 1104 3820 in
1132 3756 1376 3828 Daetalensibus

434 3917 478 3990 68)
501 3915 556 3970 Hic
575 3923 656 3988 potita
674 3919 761 3973 levem
776 3916 870 3988 jocum
898 3913 1006 3968 admisit
1030 3915 1144 3970 mustela
1172 3915 1265 3971 debito
1290 3931 1375 3986 porco

332 4049 336 4067 ,
364 4025 395 4060 su
441 4007 519 4062 iuta.

396 4007 477 4168 ΙΜδὲ)
496 4092 651 4148 Cohaerere
672 4093 725 4148 hcc
744 4095 851 4148 videtur
871 4099 931 4146 'cum
951 4095 1082 4166 angustiis
1108 4103 1137 4150 et
1153 4095 1254 4167 publici
1274 4093 1371 4150 aerarii

364 4190 392 4235 et
410 4183 578 4253 singulorum
596 4183 637 4236 rei
656 4183 810 4247 familiaris,
829 4199 899 4254 quae
918 4184 1133 4255 sumptuosiores
1153 4185 1258 4240 fabulas
1278 4181 1372 4236 doceri

363 4269 411 4324 illo
431 4281 552 4342 tempore
571 4281 724 4328 vetuerunt.
