<?xml version="1.0" encoding="UTF-8"?>
<!DOCTYPE html PUBLIC "-//W3C//DTD XHTML 1.0 Transitional//EN"
    "http://www.w3.org/TR/xhtml1/DTD/xhtml1-transitional.dtd">
<html xmlns="http://www.w3.org/1999/xhtml" xml:lang="en" lang="en">
 <head>
  <title>
</title>
<meta http-equiv="Content-Type" content="text/html;charset=utf-8" />
  <meta name='ocr-system' content='tesseract 3.04.00' />
  <meta name='ocr-capabilities' content='ocr_page ocr_carea ocr_par ocr_line ocrx_word'/>
</head>
<body>
  <div class='ocr_page' id='page_1' title='image "./deveterecomoedi00behagoog_0006.png"; bbox 0 0 3040 5284; ppageno 0'>
   <div class='ocr_carea' id='block_1_1' title="bbox 43 1459 1212 3824">
    <p class='ocr_par' dir='ltr' id='par_1_1' title="bbox 71 1459 1212 3107">
     <span class='ocr_line' id='line_1_1' title="bbox 144 1459 1105 1564; baseline -0.002 -25"><span class='ocrx_word' id='word_1_1' title='bbox 144 1473 298 1562; x_wconf 79' lang='lat' dir='ltr'>Quisquis</span> <span class='ocrx_word' id='word_1_2' title='bbox 327 1459 549 1563; x_wconf 88' lang='lat' dir='ltr'><strong>Aristophanis</strong></span> <span class='ocrx_word' id='word_1_3' title='bbox 582 1475 765 1542; x_wconf 74' lang='lat' dir='ltr'><strong>comoedias</strong></span> <span class='ocrx_word' id='word_1_4' title='bbox 795 1477 947 1564; x_wconf 79' lang='lat' dir='ltr'><strong>perlegit,</strong></span> <span class='ocrx_word' id='word_1_5' title='bbox 981 1475 1105 1539; x_wconf 88' lang='lat' dir='ltr'><strong>etiamsi</strong></span> 
     </span>
     <span class='ocr_line' id='line_1_2' title="bbox 72 1575 1106 1666; baseline 0.004 -30"><span class='ocrx_word' id='word_1_6' title='bbox 72 1575 241 1661; x_wconf 86' lang='lat' dir='ltr'><strong>singulare</strong></span> <span class='ocrx_word' id='word_1_7' title='bbox 263 1581 331 1665; x_wconf 90' lang='lat' dir='ltr'><strong>ejus</strong></span> <span class='ocrx_word' id='word_1_8' title='bbox 351 1581 516 1664; x_wconf 86' lang='lat' dir='ltr'><strong>ingenium</strong></span> <span class='ocrx_word' id='word_1_9' title='bbox 537 1579 766 1666; x_wconf 79' lang='lat' dir='ltr'><strong>volucremque</strong></span> <span class='ocrx_word' id='word_1_10' title='bbox 789 1580 1106 1645; x_wconf 71' lang='lat' dir='ltr'><strong>sententiarum‘mo·</strong></span> 
     </span>
     <span class='ocr_line' id='line_1_3' title="bbox 71 1678 1106 1770; baseline -0.001 -28"><span class='ocrx_word' id='word_1_11' title='bbox 71 1687 147 1742; x_wconf 92' lang='lat' dir='ltr'><strong>tum</strong></span> <span class='ocrx_word' id='word_1_12' title='bbox 176 1691 283 1747; x_wconf 86' lang='lat' dir='ltr'><strong>mente</strong></span> <span class='ocrx_word' id='word_1_13' title='bbox 312 1685 438 1769; x_wconf 82' lang='lat' dir='ltr'><strong>assequi</strong></span> <span class='ocrx_word' id='word_1_14' title='bbox 467 1691 587 1770; x_wconf 88' lang='lat' dir='ltr'><strong>potest,</strong></span> <span class='ocrx_word' id='word_1_15' title='bbox 617 1692 725 1750; x_wconf 89' lang='lat' dir='ltr'><strong>tamen</strong></span> <span class='ocrx_word' id='word_1_16' title='bbox 753 1705 818 1748; x_wconf 89' lang='lat' dir='ltr'><strong>non</strong></span> <span class='ocrx_word' id='word_1_17' title='bbox 839 1682 965 1748; x_wconf 82' lang='lat' dir='ltr'><strong>desinet</strong></span> <span class='ocrx_word' id='word_1_18' title='bbox 986 1678 1106 1744; x_wconf 86' lang='lat' dir='ltr'><strong>offendi</strong></span> 
     </span>
     <span class='ocr_line' id='line_1_4' title="bbox 71 1781 1106 1872; baseline 0.001 -28"><span class='ocrx_word' id='word_1_19' title='bbox 71 1782 291 1850; x_wconf 87' lang='lat' dir='ltr'><strong>immoderata</strong></span> <span class='ocrx_word' id='word_1_20' title='bbox 311 1785 366 1850; x_wconf 89' lang='lat' dir='ltr'><strong>illa</strong></span> <span class='ocrx_word' id='word_1_21' title='bbox 387 1788 601 1872; x_wconf 87' lang='lat' dir='ltr'><strong>procacitate,</strong></span> <span class='ocrx_word' id='word_1_22' title='bbox 623 1786 687 1872; x_wconf 68' lang='lat' dir='ltr'><strong>qua</strong></span> <span class='ocrx_word' id='word_1_23' title='bbox 709 1786 941 1851; x_wconf 86' lang='lat' dir='ltr'><strong>sanctissimum</strong></span> <span class='ocrx_word' id='word_1_24' title='bbox 964 1781 1106 1868; x_wconf 86' lang='lat' dir='ltr'><strong>quidque</strong></span> 
     </span>
     <span class='ocr_line' id='line_1_5' title="bbox 72 1885 1106 1974; baseline 0.001 -28"><span class='ocrx_word' id='word_1_25' title='bbox 72 1885 247 1970; x_wconf 90' lang='lat' dir='ltr'><strong>inquinare</strong></span> <span class='ocrx_word' id='word_1_26' title='bbox 276 1887 423 1973; x_wconf 82' lang='lat' dir='ltr'><strong>videtur,</strong></span> <span class='ocrx_word' id='word_1_27' title='bbox 458 1911 497 1954; x_wconf 90' lang='lat' dir='ltr'><strong>ac</strong></span> <span class='ocrx_word' id='word_1_28' title='bbox 525 1889 709 1970; x_wconf 84' lang='lat' dir='ltr'><strong>mirabitur,</strong></span> <span class='ocrx_word' id='word_1_29' title='bbox 746 1887 832 1974; x_wconf 93' lang='lat' dir='ltr'><strong>quod</strong></span> <span class='ocrx_word' id='word_1_30' title='bbox 861 1886 1106 1952; x_wconf 81' lang='lat' dir='ltr'><strong>Atheniensium</strong></span> 
     </span>
     <span class='ocr_line' id='line_1_6' title="bbox 72 1988 1126 2072; baseline 0.002 -22"><span class='ocrx_word' id='word_1_31' title='bbox 72 1988 193 2053; x_wconf 83' lang='lat' dir='ltr'><strong>civitas</strong></span> <span class='ocrx_word' id='word_1_32' title='bbox 230 1988 442 2055; x_wconf 92' lang='lat' dir='ltr'><strong>celeberrima</strong></span> <span class='ocrx_word' id='word_1_33' title='bbox 482 1989 524 2054; x_wconf 90' lang='lat' dir='ltr'><strong>ob</strong></span> <span class='ocrx_word' id='word_1_34' title='bbox 555 1989 811 2072; x_wconf 74' lang='grc' dir='ltr'><strong><em>δεισιδαιμονίαν</em></strong></span> <span class='ocrx_word' id='word_1_35' title='bbox 828 1991 851 2071; x_wconf 85' lang='lat'><strong>¹)</strong></span> <span class='ocrx_word' id='word_1_36' title='bbox 886 1989 1126 2072; x_wconf 63' lang='lat' dir='ltr'><strong>acerrimequnae</strong></span> 
     </span>
     <span class='ocr_line' id='line_1_7' title="bbox 73 2087 1212 2183; baseline 0 -30"><span class='ocrx_word' id='word_1_37' title='bbox 73 2112 189 2155; x_wconf 89' lang='lat' dir='ltr'><strong>omnes</strong></span> <span class='ocrx_word' id='word_1_38' title='bbox 210 2091 351 2156; x_wconf 84' lang='lat' dir='ltr'><strong>nefarios</strong></span> <span class='ocrx_word' id='word_1_39' title='bbox 382 2095 539 2183; x_wconf 81' lang='lat' dir='ltr'><strong>insectata</strong></span> <span class='ocrx_word' id='word_1_40' title='bbox 566 2115 631 2158; x_wconf 92' lang='lat' dir='ltr'><strong>non</strong></span> <span class='ocrx_word' id='word_1_41' title='bbox 662 2093 764 2158; x_wconf 92' lang='lat' dir='ltr'><strong>solum</strong></span> <span class='ocrx_word' id='word_1_42' title='bbox 796 2087 975 2178; x_wconf 75' lang='lat' dir='ltr'><strong>contriverit</strong></span> <span class='ocrx_word' id='word_1_43' title='bbox 995 2091 1029 2174; x_wconf 77' lang='lat' dir='ltr'><strong>in</strong></span> <span class='ocrx_word' id='word_1_44' title='bbox 1051 2088 1106 2153; x_wconf 78' lang='lat' dir='ltr'><strong>illa</strong></span> <span class='ocrx_word' id='word_1_45' title='bbox 1207 2092 1212 2104; x_wconf 90' lang='lat'>&#39;</span> 
     </span>
     <span class='ocr_line' id='line_1_8' title="bbox 71 2181 1106 2282; baseline -0.001 -25"><span class='ocrx_word' id='word_1_46' title='bbox 71 2181 259 2280; x_wconf 77' lang='lat' dir='ltr'><strong>impietate,</strong></span> <span class='ocrx_word' id='word_1_47' title='bbox 291 2195 349 2259; x_wconf 90' lang='lat' dir='ltr'><strong>sed</strong></span> <span class='ocrx_word' id='word_1_48' title='bbox 379 2195 475 2261; x_wconf 86' lang='lat' dir='ltr'><strong>etiam</strong></span> <span class='ocrx_word' id='word_1_49' title='bbox 506 2197 650 2282; x_wconf 90' lang='lat' dir='ltr'><strong>praemio</strong></span> <span class='ocrx_word' id='word_1_50' title='bbox 673 2197 816 2262; x_wconf 86' lang='lat' dir='ltr'><strong>affecerit</strong></span> <span class='ocrx_word' id='word_1_51' title='bbox 847 2217 917 2278; x_wconf 88' lang='lat' dir='ltr'><strong>eos,</strong></span> <span class='ocrx_word' id='word_1_52' title='bbox 947 2195 1008 2280; x_wconf 92' lang='lat' dir='ltr'><strong>qui</strong></span> <span class='ocrx_word' id='word_1_53' title='bbox 1028 2191 1106 2258; x_wconf 90' lang='lat' dir='ltr'><strong>talia</strong></span> 
     </span>
     <span class='ocr_line' id='line_1_9' title="bbox 72 2297 1105 2385; baseline -0.001 -25"><span class='ocrx_word' id='word_1_54' title='bbox 72 2299 111 2360; x_wconf 92' lang='lat' dir='ltr'><strong>in</strong></span> <span class='ocrx_word' id='word_1_55' title='bbox 141 2307 270 2362; x_wconf 89' lang='lat' dir='ltr'><strong>scenam</strong></span> <span class='ocrx_word' id='word_1_56' title='bbox 298 2297 531 2384; x_wconf 86' lang='lat' dir='ltr'><strong>produxerunt.</strong></span> <span class='ocrx_word' id='word_1_57' title='bbox 581 2299 673 2385; x_wconf 75' lang='lat' dir='ltr'><strong>Quae</strong></span> <span class='ocrx_word' id='word_1_58' title='bbox 703 2299 811 2364; x_wconf 89' lang='lat' dir='ltr'><strong>omnia</strong></span> <span class='ocrx_word' id='word_1_59' title='bbox 837 2297 986 2384; x_wconf 87' lang='lat' dir='ltr'><strong>quamvis</strong></span> <span class='ocrx_word' id='word_1_60' title='bbox 1007 2297 1105 2360; x_wconf 91' lang='lat' dir='ltr'><strong>nemi-</strong></span> 
     </span>
     <span class='ocr_line' id='line_1_10' title="bbox 71 2399 1106 2490; baseline -0.001 -26"><span class='ocrx_word' id='word_1_61' title='bbox 71 2423 151 2464; x_wconf 90' lang='lat' dir='ltr'><strong>nem</strong></span> <span class='ocrx_word' id='word_1_62' title='bbox 172 2401 327 2487; x_wconf 83' lang='lat' dir='ltr'><strong>fugerint,</strong></span> <span class='ocrx_word' id='word_1_63' title='bbox 347 2411 465 2467; x_wconf 85' lang='lat' dir='ltr'><strong>¹tamen</strong></span> <span class='ocrx_word' id='word_1_64' title='bbox 493 2405 648 2490; x_wconf 82' lang='lat' dir='ltr'><strong>perpauci</strong></span> <span class='ocrx_word' id='word_1_65' title='bbox 678 2425 801 2485; x_wconf 89' lang='lat' dir='ltr'><strong>eorum,</strong></span> <span class='ocrx_word' id='word_1_66' title='bbox 835 2401 891 2486; x_wconf 93' lang='lat' dir='ltr'><strong>qui</strong></span> <span class='ocrx_word' id='word_1_67' title='bbox 918 2399 1106 2486; x_wconf 85' lang='lat' dir='ltr'><strong>Aristopha-</strong></span> 
     </span>
     <span class='ocr_line' id='line_1_11' title="bbox 72 2505 1106 2593; baseline -0.002 -25"><span class='ocrx_word' id='word_1_68' title='bbox 72 2527 151 2568; x_wconf 92' lang='lat' dir='ltr'><strong>nem</strong></span> <span class='ocrx_word' id='word_1_69' title='bbox 172 2505 313 2571; x_wconf 88' lang='lat' dir='ltr'><strong>studiose</strong></span> <span class='ocrx_word' id='word_1_70' title='bbox 335 2507 535 2590; x_wconf 87' lang='lat' dir='ltr'><strong>tractabant,</strong></span> <span class='ocrx_word' id='word_1_71' title='bbox 565 2527 683 2593; x_wconf 89' lang='lat' dir='ltr'><strong>operae</strong></span> <span class='ocrx_word' id='word_1_72' title='bbox 711 2507 851 2593; x_wconf 65' lang='lat' dir='ltr'><strong>proiidn</strong></span> <span class='ocrx_word' id='word_1_73' title='bbox 885 2515 954 2568; x_wconf 78' lang='lat' dir='ltr'><strong>esse·</strong></span> <span class='ocrx_word' id='word_1_74' title='bbox 977 2523 1106 2567; x_wconf 87' lang='lat' dir='ltr'><strong>censue-</strong></span> 
     </span>
     <span class='ocr_line' id='line_1_12' title="bbox 71 2599 1186 2696; baseline 0.003 -26"><span class='ocrx_word' id='word_1_75' title='bbox 71 2599 168 2689; x_wconf 65' lang='lat' dir='ltr'><strong>runt,</strong></span> <span class='ocrx_word' id='word_1_76' title='bbox 196 2609 377 2674; x_wconf 84' lang='lat' dir='ltr'><strong>accuratius</strong></span> <span class='ocrx_word' id='word_1_77' title='bbox 400 2609 441 2674; x_wconf 88' lang='lat' dir='ltr'><strong>de</strong></span> <span class='ocrx_word' id='word_1_78' title='bbox 463 2609 519 2674; x_wconf 90' lang='lat' dir='ltr'><strong>illa</strong></span> <span class='ocrx_word' id='word_1_79' title='bbox 540 2631 576 2674; x_wconf 92' lang='lat' dir='ltr'><strong>re</strong></span> <span class='ocrx_word' id='word_1_80' title='bbox 605 2609 780 2674; x_wconf 84' lang='lat' dir='ltr'><strong>disserere:</strong></span> <span class='ocrx_word' id='word_1_81' title='bbox 808 2601 971 2696; x_wconf 79' lang='lat' dir='ltr'><strong>plerique,</strong></span> <span class='ocrx_word' id='word_1_82' title='bbox 999 2617 1036 2674; x_wconf 89' lang='lat' dir='ltr'><strong>ut</strong></span> <span class='ocrx_word' id='word_1_83' title='bbox 1057 2630 1106 2673; x_wconf 89' lang='lat' dir='ltr'><strong>re-</strong></span> <span class='ocrx_word' id='word_1_84' title='bbox 1148 2685 1149 2688; x_wconf 19' lang='lat'><strong>,</strong></span> <span class='ocrx_word' id='word_1_85' title='bbox 1182 2683 1186 2692; x_wconf 28' lang='grc' dir='ltr'>Ι</span> 
     </span>
     <span class='ocr_line' id='line_1_13' title="bbox 71 2711 1105 2795; baseline 0.004 -22"><span class='ocrx_word' id='word_1_86' title='bbox 71 2711 228 2775; x_wconf 90' lang='lat' dir='ltr'><strong>centioris</strong></span> <span class='ocrx_word' id='word_1_87' title='bbox 258 2712 397 2777; x_wconf 90' lang='lat' dir='ltr'><strong>auctoris</strong></span> <span class='ocrx_word' id='word_1_88' title='bbox 432 2721 504 2777; x_wconf 89' lang='lat' dir='ltr'><strong>utar</strong></span> <span class='ocrx_word' id='word_1_89' title='bbox 535 2711 658 2793; x_wconf 89' lang='lat' dir='ltr'><strong>verbis,</strong></span> <span class='ocrx_word' id='word_1_90' title='bbox 688 2713 829 2776; x_wconf 90' lang='lat' dir='ltr'><strong>contenti</strong></span> <span class='ocrx_word' id='word_1_91' title='bbox 860 2719 962 2795; x_wconf 57' lang='lat' dir='ltr'><strong>oranti</strong></span> <span class='ocrx_word' id='word_1_92' title='bbox 983 2711 1105 2777; x_wconf 89' lang='lat' dir='ltr'><strong>Aristo-</strong></span> 
     </span>
     <span class='ocr_line' id='line_1_14' title="bbox 71 2812 1104 2900; baseline 0 -24"><span class='ocrx_word' id='word_1_93' title='bbox 71 2813 215 2898; x_wconf 89' lang='lat' dir='ltr'><strong>phanem</strong></span> <span class='ocrx_word' id='word_1_94' title='bbox 237 2814 415 2900; x_wconf 90' lang='lat' dir='ltr'><strong>appellasse</strong></span> <span class='ocrx_word' id='word_1_95' title='bbox 437 2835 581 2878; x_wconf 76' lang='lat' dir='ltr'><strong>ceturam</strong></span> <span class='ocrx_word' id='word_1_96' title='bbox 604 2821 637 2876; x_wconf 88' lang='lat' dir='ltr'><strong>et</strong></span> <span class='ocrx_word' id='word_1_97' title='bbox 659 2834 787 2894; x_wconf 89' lang='lat' dir='ltr'><strong>canem,</strong></span> <span class='ocrx_word' id='word_1_98' title='bbox 819 2815 875 2900; x_wconf 92' lang='lat' dir='ltr'><strong>qui</strong></span> <span class='ocrx_word' id='word_1_99' title='bbox 905 2812 981 2878; x_wconf 91' lang='lat' dir='ltr'><strong>deos</strong></span> <span class='ocrx_word' id='word_1_100' title='bbox 1003 2813 1104 2878; x_wconf 92' lang='lat' dir='ltr'><strong>homi·</strong></span> 
     </span>
     <span class='ocr_line' id='line_1_15' title="bbox 71 2901 1105 3004; baseline 0.003 -26"><span class='ocrx_word' id='word_1_101' title='bbox 71 2901 205 3000; x_wconf 35' lang='lat' dir='ltr'><strong>nesque&#39;</strong></span> <span class='ocrx_word' id='word_1_102' title='bbox 224 2916 401 2982; x_wconf 87' lang='lat' dir='ltr'><strong>allatraret:</strong></span> <span class='ocrx_word' id='word_1_103' title='bbox 435 2917 514 3000; x_wconf 79' lang='lat' dir='ltr'><strong>alii,</strong></span> <span class='ocrx_word' id='word_1_104' title='bbox 542 2917 700 3004; x_wconf 89' lang='lat' dir='ltr'><strong>imprimis</strong></span> <span class='ocrx_word' id='word_1_105' title='bbox 736 2925 864 2982; x_wconf 88' lang='lat' dir='ltr'><strong>nostrae</strong></span> <span class='ocrx_word' id='word_1_106' title='bbox 904 2919 1016 2982; x_wconf 85' lang='lat' dir='ltr'><strong>aetatis</strong></span> <span class='ocrx_word' id='word_1_107' title='bbox 1041 2919 1105 2983; x_wconf 90' lang='lat' dir='ltr'><strong>viri</strong></span> 
     </span>
     <span class='ocr_line' id='line_1_16' title="bbox 73 3017 1104 3107; baseline 0.006 -27"><span class='ocrx_word' id='word_1_108' title='bbox 73 3017 176 3099; x_wconf 88' lang='lat' dir='ltr'><strong>docti,</strong></span> <span class='ocrx_word' id='word_1_109' title='bbox 200 3019 255 3103; x_wconf 88' lang='lat' dir='ltr'><strong>qui</strong></span> <span class='ocrx_word' id='word_1_110' title='bbox 275 3027 342 3082; x_wconf 92' lang='lat' dir='ltr'><strong>tam</strong></span> <span class='ocrx_word' id='word_1_111' title='bbox 363 3019 533 3107; x_wconf 89' lang='lat' dir='ltr'><strong>indignum</strong></span> <span class='ocrx_word' id='word_1_112' title='bbox 555 3019 596 3084; x_wconf 88' lang='lat' dir='ltr'><strong>de</strong></span> <span class='ocrx_word' id='word_1_113' title='bbox 619 3020 807 3107; x_wconf 81' lang='lat' dir='ltr'><strong>suavissimo</strong></span> <span class='ocrx_word' id='word_1_114' title='bbox 829 3028 926 3106; x_wconf 73' lang='lat' dir='ltr'><strong>poeta</strong></span> <span class='ocrx_word' id='word_1_115' title='bbox 942 3021 1104 3107; x_wconf 90' lang='lat' dir='ltr'><strong>judicium</strong></span> 
     </span>
    </p>

    <p class='ocr_par' dir='ltr' id='par_1_2' title="bbox 43 3107 1154 3824">
     <span class='ocr_line' id='line_1_17' title="bbox 43 3107 1104 3210; baseline 0.008 -28"><span class='ocrx_word' id='word_1_116' title='bbox 43 3135 47 3140; x_wconf 85' lang='lat'>·</span> <span class='ocrx_word' id='word_1_117' title='bbox 71 3142 140 3183; x_wconf 91' lang='lat' dir='ltr'><strong>non</strong></span> <span class='ocrx_word' id='word_1_118' title='bbox 161 3107 320 3204; x_wconf 86' lang='lat' dir='ltr'><strong>tulerunt,</strong></span> <span class='ocrx_word' id='word_1_119' title='bbox 348 3123 452 3188; x_wconf 89' lang='lat' dir='ltr'><strong>tribus</strong></span> <span class='ocrx_word' id='word_1_120' title='bbox 482 3131 607 3188; x_wconf 88' lang='lat' dir='ltr'><strong>tantum</strong></span> <span class='ocrx_word' id='word_1_121' title='bbox 636 3123 745 3189; x_wconf 88' lang='lat' dir='ltr'><strong>verbis</strong></span> <span class='ocrx_word' id='word_1_122' title='bbox 766 3125 909 3210; x_wconf 90' lang='lat' dir='ltr'><strong>ipsorum</strong></span> <span class='ocrx_word' id='word_1_123' title='bbox 932 3125 1104 3190; x_wconf 86' lang='lat' dir='ltr'><strong>sententias</strong></span> 
     </span>
     <span class='ocr_line' id='line_1_18' title="bbox 72 3223 1104 3313; baseline 0.004 -25"><span class='ocrx_word' id='word_1_124' title='bbox 72 3223 347 3307; x_wconf 79' lang='lat' dir='ltr'><strong>adumbrarunt2)</strong></span> <span class='ocrx_word' id='word_1_125' title='bbox 374 3225 609 3312; x_wconf 86' lang='lat' dir='ltr'><strong>multarumque</strong></span> <span class='ocrx_word' id='word_1_126' title='bbox 646 3229 826 3310; x_wconf 89' lang='lat' dir='ltr'><strong>rationum,</strong></span> <span class='ocrx_word' id='word_1_127' title='bbox 856 3226 899 3291; x_wconf 86' lang='lat' dir='ltr'><strong>ad</strong></span> <span class='ocrx_word' id='word_1_128' title='bbox 935 3249 1014 3313; x_wconf 92' lang='lat' dir='ltr'><strong>quas</strong></span> <span class='ocrx_word' id='word_1_129' title='bbox 1048 3226 1104 3292; x_wconf 87' lang='lat' dir='ltr'><strong>illa</strong></span> 
     </span>
     <span class='ocr_line' id='line_1_19' title="bbox 72 3327 1102 3415; baseline 0.001 -24"><span class='ocrx_word' id='word_1_130' title='bbox 72 3328 211 3392; x_wconf 90' lang='lat' dir='ltr'><strong>deorum</strong></span> <span class='ocrx_word' id='word_1_131' title='bbox 232 3329 338 3392; x_wconf 89' lang='lat' dir='ltr'><strong>irrisio</strong></span> <span class='ocrx_word' id='word_1_132' title='bbox 359 3327 530 3393; x_wconf 87' lang='lat' dir='ltr'><strong>referenda</strong></span> <span class='ocrx_word' id='word_1_133' title='bbox 553 3337 608 3411; x_wconf 89' lang='lat' dir='ltr'><strong>est,</strong></span> <span class='ocrx_word' id='word_1_134' title='bbox 630 3351 728 3392; x_wconf 93' lang='lat' dir='ltr'><strong>unam</strong></span> <span class='ocrx_word' id='word_1_135' title='bbox 741 3329 794 3393; x_wconf 89' lang='lat' dir='ltr'><strong>vel</strong></span> <span class='ocrx_word' id='word_1_136' title='bbox 815 3349 935 3415; x_wconf 88' lang='lat' dir='ltr'><strong>paucas</strong></span> <span class='ocrx_word' id='word_1_137' title='bbox 956 3349 1102 3414; x_wconf 88' lang='lat' dir='ltr'><strong>premen-</strong></span> 
     </span>
     <span class='ocr_line' id='line_1_20' title="bbox 72 3430 1102 3515; baseline 0.002 -21"><span class='ocrx_word' id='word_1_138' title='bbox 72 3441 123 3494; x_wconf 91' lang='lat' dir='ltr'><strong>tes</strong></span> <span class='ocrx_word' id='word_1_139' title='bbox 146 3451 216 3493; x_wconf 89' lang='lat' dir='ltr'><strong>rem</strong></span> <span class='ocrx_word' id='word_1_140' title='bbox 239 3431 366 3515; x_wconf 90' lang='lat' dir='ltr'><strong>penitus</strong></span> <span class='ocrx_word' id='word_1_141' title='bbox 388 3431 543 3514; x_wconf 88' lang='lat' dir='ltr'><strong>indagare</strong></span> <span class='ocrx_word' id='word_1_142' title='bbox 565 3430 744 3496; x_wconf 87' lang='lat' dir='ltr'><strong>noluerunt.</strong></span> <span class='ocrx_word' id='word_1_143' title='bbox 787 3432 880 3496; x_wconf 91' lang='lat' dir='ltr'><strong>Unus</strong></span> <span class='ocrx_word' id='word_1_144' title='bbox 893 3439 1018 3495; x_wconf 85' lang='lat' dir='ltr'><strong>tantum</strong></span> <span class='ocrx_word' id='word_1_145' title='bbox 1039 3433 1102 3513; x_wconf 84' lang='lat' dir='ltr'><strong>vir,</strong></span> 
     </span>
     <span class='ocr_line' id='line_1_21' title="bbox 73 3530 1154 3619; baseline 0 -21"><span class='ocrx_word' id='word_1_146' title='bbox 73 3541 230 3619; x_wconf 86' lang='lat' dir='ltr'><strong>quantum</strong></span> <span class='ocrx_word' id='word_1_147' title='bbox 253 3534 371 3616; x_wconf 86' lang='lat' dir='ltr'><strong>sciam,</strong></span> <span class='ocrx_word' id='word_1_148' title='bbox 395 3531 530 3598; x_wconf 83' lang='lat' dir='ltr'><strong>Carolus</strong></span> <span class='ocrx_word' id='word_1_149' title='bbox 554 3530 719 3616; x_wconf 85' lang='lat' dir='ltr'><strong>Augustus</strong></span> <span class='ocrx_word' id='word_1_150' title='bbox 740 3534 923 3618; x_wconf 86' lang='lat' dir='ltr'><strong>Boettiger,</strong></span> <span class='ocrx_word' id='word_1_151' title='bbox 952 3534 1048 3598; x_wconf 91' lang='lat' dir='ltr'><strong>latius</strong></span> <span class='ocrx_word' id='word_1_152' title='bbox 1070 3544 1103 3598; x_wconf 91' lang='lat' dir='ltr'><strong>et</strong></span> <span class='ocrx_word' id='word_1_153' title='bbox 1149 3611 1154 3614; x_wconf 17' lang='grc' dir='ltr'><strong>ῃ</strong></span> 
     </span>
     <span class='ocr_line' id='line_1_22' title="bbox 73 3634 1101 3718; baseline -0.001 -18"><span class='ocrx_word' id='word_1_154' title='bbox 73 3637 176 3700; x_wconf 88' lang='lat' dir='ltr'><strong>fusius</strong></span> <span class='ocrx_word' id='word_1_155' title='bbox 206 3635 356 3700; x_wconf 92' lang='lat' dir='ltr'><strong>disseruit</strong></span> <span class='ocrx_word' id='word_1_156' title='bbox 385 3635 425 3700; x_wconf 90' lang='lat' dir='ltr'><strong>de</strong></span> <span class='ocrx_word' id='word_1_157' title='bbox 459 3634 513 3699; x_wconf 92' lang='lat' dir='ltr'><strong>illo</strong></span> <span class='ocrx_word' id='word_1_158' title='bbox 541 3643 729 3718; x_wconf 87' lang='lat' dir='ltr'><strong>argumento</strong></span> <span class='ocrx_word' id='word_1_159' title='bbox 758 3635 792 3698; x_wconf 91' lang='lat' dir='ltr'><strong>in</strong></span> <span class='ocrx_word' id='word_1_160' title='bbox 816 3634 1003 3699; x_wconf 80' lang='lat' dir='ltr'><strong>Gubenensi</strong></span> <span class='ocrx_word' id='word_1_161' title='bbox 1019 3637 1101 3712; x_wconf 89' lang='lat' dir='ltr'><strong>anni</strong></span> 
     </span>
     <span class='ocr_line' id='line_1_23' title="bbox 75 3735 1102 3824; baseline 0 -22"><span class='ocrx_word' id='word_1_162' title='bbox 75 3737 162 3802; x_wconf 79' lang='lat'>1790</span> <span class='ocrx_word' id='word_1_163' title='bbox 184 3748 430 3823; x_wconf 85' lang='lat' dir='ltr'><strong>programmate,</strong></span> <span class='ocrx_word' id='word_1_164' title='bbox 452 3737 539 3824; x_wconf 91' lang='lat' dir='ltr'><strong>quod</strong></span> <span class='ocrx_word' id='word_1_165' title='bbox 561 3739 739 3822; x_wconf 88' lang='lat' dir='ltr'><strong>inscripsit:</strong></span> <span class='ocrx_word' id='word_1_166' title='bbox 783 3735 1032 3822; x_wconf 89' lang='lat' dir='ltr'><strong>‘Aristophanes</strong></span> <span class='ocrx_word' id='word_1_167' title='bbox 1044 3739 1102 3801; x_wconf 90' lang='lat' dir='ltr'><strong>im·</strong></span> 
     </span>
    </p>
   </div>
   <div class='ocr_carea' id='block_1_2' title="bbox 73 3839 1103 3928">
    <p class='ocr_par' dir='ltr' id='par_1_3' title="bbox 73 3839 1103 3928">
     <span class='ocr_line' id='line_1_24' title="bbox 73 3839 1103 3928; baseline 0.002 -22"><span class='ocrx_word' id='word_1_168' title='bbox 73 3842 204 3928; x_wconf 86' lang='lat' dir='ltr'><strong>punitus</strong></span> <span class='ocrx_word' id='word_1_169' title='bbox 227 3840 360 3906; x_wconf 86' lang='lat' dir='ltr'><strong>deorum</strong></span> <span class='ocrx_word' id='word_1_170' title='bbox 392 3841 560 3927; x_wconf 84' lang='lat' dir='ltr'><strong>gentilium</strong></span> <span class='ocrx_word' id='word_1_171' title='bbox 580 3841 753 3923; x_wconf 60' lang='lat' dir='ltr'><strong>irrisor’ss).</strong></span> <span class='ocrx_word' id='word_1_172' title='bbox 797 3839 889 3921; x_wconf 75' lang='lat' dir='ltr'><strong>Quae</strong></span> <span class='ocrx_word' id='word_1_173' title='bbox 911 3842 1103 3908; x_wconf 85' lang='lat' dir='ltr'><strong>commenta·</strong></span> 
     </span>
    </p>
   </div>
   <div class='ocr_carea' id='block_1_3' title="bbox 73 4020 1102 4626">
    <p class='ocr_par' dir='ltr' id='par_1_4' title="bbox 73 4020 1102 4626">
     <span class='ocr_line' id='line_1_25' title="bbox 148 4020 1101 4094; baseline 0.003 -20"><span class='ocrx_word' id='word_1_174' title='bbox 148 4022 172 4094; x_wconf 88' lang='lat'><strong>1)</strong></span> <span class='ocrx_word' id='word_1_175' title='bbox 193 4020 279 4092; x_wconf 83' lang='lat' dir='ltr'><strong>Cujus</strong></span> <span class='ocrx_word' id='word_1_176' title='bbox 298 4024 429 4078; x_wconf 88' lang='lat' dir='ltr'><strong>nonnulla</strong></span> <span class='ocrx_word' id='word_1_177' title='bbox 449 4025 574 4094; x_wconf 85' lang='lat' dir='ltr'><strong>exempla</strong></span> <span class='ocrx_word' id='word_1_178' title='bbox 594 4023 770 4078; x_wconf 81' lang='lat' dir='ltr'><strong>inveniuntur</strong></span> <span class='ocrx_word' id='word_1_179' title='bbox 788 4024 817 4078; x_wconf 90' lang='lat' dir='ltr'><strong>in</strong></span> <span class='ocrx_word' id='word_1_180' title='bbox 828 4023 939 4080; x_wconf 81' lang='lat' dir='ltr'><strong>Aeliani</strong></span> <span class='ocrx_word' id='word_1_181' title='bbox 951 4023 1014 4078; x_wconf 79' lang='lat' dir='ltr'><strong>Vas.</strong></span> <span class='ocrx_word' id='word_1_182' title='bbox 1027 4021 1101 4080; x_wconf 85' lang='lat' dir='ltr'><strong>Hist.</strong></span> 
     </span>
     <span class='ocr_line' id='line_1_26' title="bbox 74 4109 1101 4272; baseline 0.004 -22"><span class='ocrx_word' id='word_1_183' title='bbox 74 4109 108 4175; x_wconf 45' lang='lat' dir='ltr'><strong>v,</strong></span> <span class='ocrx_word' id='word_1_184' title='bbox 131 4111 174 4270; x_wconf 53' lang='lat' dir='ltr'><strong>li)</strong></span> <span class='ocrx_word' id='word_1_185' title='bbox 195 4195 343 4262; x_wconf 82' lang='lat' dir='ltr'><strong>Weleler,</strong></span> <span class='ocrx_word' id='word_1_186' title='bbox 369 4158 578 4270; x_wconf 84' lang='lat' dir='ltr'><strong>Uebersetzung</strong></span> <span class='ocrx_word' id='word_1_187' title='bbox 604 4201 652 4253; x_wconf 87' lang='lat' dir='ltr'><strong>des</strong></span> <span class='ocrx_word' id='word_1_188' title='bbox 671 4197 880 4272; x_wconf 80' lang='lat' dir='ltr'><strong>Aristophanes.</strong></span> <span class='ocrx_word' id='word_1_189' title='bbox 901 4197 922 4263; x_wconf 91' lang='lat' dir='ltr'><strong>l,</strong></span> <span class='ocrx_word' id='word_1_190' title='bbox 941 4219 968 4270; x_wconf 88' lang='lat' dir='ltr'><strong>p.</strong></span> <span class='ocrx_word' id='word_1_191' title='bbox 988 4201 1042 4254; x_wconf 80' lang='lat'><strong>338</strong></span> <span class='ocrx_word' id='word_1_192' title='bbox 1060 4219 1101 4272; x_wconf 89' lang='lat' dir='ltr'><strong>sq.</strong></span> 
     </span>
     <span class='ocr_line' id='line_1_27' title="bbox 75 4283 1039 4358; baseline 0.003 -19"><span class='ocrx_word' id='word_1_193' title='bbox 75 4285 193 4340; x_wconf 86' lang='lat' dir='ltr'><strong>Hieron.</strong></span> <span class='ocrx_word' id='word_1_194' title='bbox 212 4283 328 4349; x_wconf 73' lang='lat' dir='ltr'><strong>Mulier,</strong></span> <span class='ocrx_word' id='word_1_195' title='bbox 348 4283 532 4342; x_wconf 77' lang='lat' dir='ltr'><strong>Uebcrs.‘des</strong></span> <span class='ocrx_word' id='word_1_196' title='bbox 551 4287 636 4342; x_wconf 81' lang='lat' dir='ltr'><strong>Arist.</strong></span> <span class='ocrx_word' id='word_1_197' title='bbox 657 4287 678 4351; x_wconf 90' lang='lat' dir='ltr'><strong>l,</strong></span> <span class='ocrx_word' id='word_1_198' title='bbox 698 4306 760 4358; x_wconf 83' lang='lat' dir='ltr'><strong>pag.</strong></span> <span class='ocrx_word' id='word_1_199' title='bbox 783 4289 876 4348; x_wconf 62' lang='lat'><strong>106-„</strong></span> <span class='ocrx_word' id='word_1_200' title='bbox 888 4288 939 4342; x_wconf 80' lang='lat'><strong>108</strong></span> <span class='ocrx_word' id='word_1_201' title='bbox 958 4307 985 4343; x_wconf 92' lang='lat' dir='ltr'><strong>u.</strong></span> <span class='ocrx_word' id='word_1_202' title='bbox 1004 4287 1039 4342; x_wconf 89' lang='lat' dir='ltr'><strong>A.</strong></span> 
     </span>
     <span class='ocr_line' id='line_1_28' title="bbox 148 4371 1102 4446; baseline 0 -18"><span class='ocrx_word' id='word_1_203' title='bbox 148 4375 174 4445; x_wconf 88' lang='grc'><strong>3)</strong></span> <span class='ocrx_word' id='word_1_204' title='bbox 196 4371 295 4426; x_wconf 70' lang='lat' dir='ltr'><strong>lucrum</strong></span> <span class='ocrx_word' id='word_1_205' title='bbox 325 4373 394 4427; x_wconf 84' lang='lat' dir='ltr'><strong>haec</strong></span> <span class='ocrx_word' id='word_1_206' title='bbox 420 4378 613 4429; x_wconf 85' lang='lat' dir='ltr'><strong>commentatio</strong></span> <span class='ocrx_word' id='word_1_207' title='bbox 640 4377 711 4446; x_wconf 83' lang='lat' dir='ltr'><strong>typis</strong></span> <span class='ocrx_word' id='word_1_208' title='bbox 732 4391 861 4445; x_wconf 81' lang='lat' dir='ltr'><strong>expressa</strong></span> <span class='ocrx_word' id='word_1_209' title='bbox 882 4385 924 4428; x_wconf 85' lang='lat' dir='ltr'><strong>est</strong></span> <span class='ocrx_word' id='word_1_210' title='bbox 942 4377 970 4430; x_wconf 89' lang='lat' dir='ltr'><strong>in</strong></span> <span class='ocrx_word' id='word_1_211' title='bbox 990 4374 1102 4430; x_wconf 80' lang='lat' dir='ltr'><strong>Boetti-</strong></span> 
     </span>
     <span class='ocr_line' id='line_1_29' title="bbox 73 4461 912 4532; baseline 0.001 -15"><span class='ocrx_word' id='word_1_212' title='bbox 73 4464 131 4532; x_wconf 78' lang='lat' dir='ltr'><strong>geri</strong></span> <span class='ocrx_word' id='word_1_213' title='bbox 151 4463 292 4532; x_wconf 84' lang='lat' dir='ltr'><strong>opusculis</strong></span> <span class='ocrx_word' id='word_1_214' title='bbox 312 4462 392 4516; x_wconf 85' lang='lat' dir='ltr'><strong>editis</strong></span> <span class='ocrx_word' id='word_1_215' title='bbox 413 4463 447 4516; x_wconf 84' lang='lat' dir='ltr'><strong>ab</strong></span> <span class='ocrx_word' id='word_1_216' title='bbox 467 4462 541 4516; x_wconf 87' lang='lat' dir='ltr'><strong>Julio</strong></span> <span class='ocrx_word' id='word_1_217' title='bbox 562 4463 650 4532; x_wconf 81' lang='lat' dir='ltr'><strong>Sillig.</strong></span> <span class='ocrx_word' id='word_1_218' title='bbox 677 4461 811 4516; x_wconf 78' lang='lat' dir='ltr'><strong>Drasdea.</strong></span> <span class='ocrx_word' id='word_1_219' title='bbox 833 4463 912 4518; x_wconf 80' lang='lat'><strong>1837.</strong></span> 
     </span>
     <span class='ocr_line' id='line_1_30' title="bbox 764 4561 858 4626; baseline -0.021 0"><span class='ocrx_word' id='word_1_220' title='bbox 764 4620 767 4626; x_wconf 90' lang='lat'>.</span> <span class='ocrx_word' id='word_1_221' title='bbox 813 4561 858 4624; x_wconf 77' lang='grc' dir='ltr'><strong>Γ*</strong></span> 
     </span>
    </p>
   </div>
   <div class='ocr_carea' id='block_1_4' title="bbox 0 0 1525 5284">
    <p class='ocr_par' dir='ltr' id='par_1_5' title="bbox 0 0 1525 5284">
     <span class='ocr_line' id='line_1_31' title="bbox 0 0 1525 5284; baseline 0 0"><span class='ocrx_word' id='word_1_222' title='bbox 0 0 1525 5284; x_wconf 95' lang='lat' dir='ltr'><strong> </strong></span> 
     </span>
    </p>
   </div>
  </div>
 </body>
</html>
