3040 5284
155 744 223 806 ces,
247 723 301 809 qui
327 745 360 787 se
383 719 541 808 Apollinis
563 725 753 788 auctoritate
775 721 822 786 nti
845 722 1050 805 simulabant,
1073 723 1177 808 rejici-

153 833 223 890 tur:
244 824 332 890 idem
354 825 510 911 judicium
535 825 703 892 ferendum
726 834 774 890 est
792 825 836 890 de
859 828 997 908 somnio,
1033 848 1095 911 qno
1118 825 1178 888 Mi·

154 951 288 992 nervam
309 930 421 1015 ipsam
446 926 679 1008 αλαυθνγιείαν
717 931 751 994 in
779 928 932 1016 populum
961 927 1178 992 effundentem

155 1031 275 1095 vidisse
299 1031 378 1097 Cleo
401 1031 567 1096 contendit
591 1031 690 1116 (1090
712 1035 804 1119 sqq.).
858 1030 944 1095 Illud
971 1040 1094 1096 tantum
1124 1054 1179 1096 va·

154 1134 315 1216 ticinium,
350 1134 438 1221 quod
459 1143 620 1221 postremo
644 1135 724 1202 Cleo
754 1133 851 1199 anxio
879 1135 986 1198 animo
1015 1133 1124 1220 prodit
1147 1142 1179 1198 et

155 1258 217 1321 qno
240 1237 281 1301 ab
303 1235 455 1323 Apolline
479 1240 528 1303 sui
550 1241 706 1304 victorem
728 1239 790 1304 sibi
812 1237 1008 1324 descriptum
1040 1260 1108 1302 esse
1131 1238 1178 1302 di-

154 1341 262 1423 11124),
276 1363 362 1406 vero
384 1328 501 1407 eicntu
525 1343 768 1430 comprobatur:
795 1343 863 1429 ejus
886 1343 970 1405 enim
992 1343 1058 1424 rei,
1081 1364 1177 1427 quam

153 1440 397 1508 Atheniensium
419 1444 537 1531 populo
567 1467 709 1510 summae
738 1445 832 1509 saluti
863 1467 931 1509 esse
961 1453 1028 1510 tota
1053 1467 1192 1510 comoe-=

155 1545 210 1610 dia
230 1544 449 1612 demonstrare
473 1547 596 1630 studet,
610 1593 612 1600 -
627 1548 756 1614 Cleonis
784 1570 843 1635 per
864 1547 1088 1635 honestum²⁵)
1126 1571 1177 1612 ae-

153 1646 316 1712 muluma
341 1649 538 1736 reipublicae
560 1650 780 1736 gubernaculo
800 1650 988 1716 removendi
1010 1649 1062 1716 vel
1078 1649 1177 1736 Apol-

153 1750 263 1834 linem,
295 1776 453 1818 summum
481 1751 682 1818 oraculorum
718 1751 901 1839 praesidem
916 1751 979 1840 ²⁶),
1012 1761 1175 1816 auctorem

153 1853 287 1938 fingere,
309 1858 423 1920 merito
446 1854 507 1918 deo
529 1877 593 1919 non
615 1854 784 1940 indignum
807 1861 915 1919 censet
936 1852 1175 1940 Aristophanes.

155 1955 220 2020 Sed
243 1957 296 2021 vel
317 1980 356 2022 eo
377 1957 553 2043 p'rocedere
575 1957 668 2021 nohis
689 1957 781 2040 licet,
811 1964 848 2020 ut
868 1965 995 2043 poetam
1023 1979 1086 2022 non
1120 1959 1175 2024 ob-

153 2082 246 2123 scure
267 2063 375 2147 turpia
395 2060 560 2125 hominum
581 2060 735 2124 vaticinia
757 2069 788 2124 et
809 2069 954 2126 sanctum
973 2061 1176 2127 oraculorum

153 2171 317 2227 auctorem
339 2164 422 2226 inter
444 2183 479 2227 se
500 2163 688 2249 opposuisse
720 2161 958 2228 contendamus.
1007 2165 1046 2230 In
1075 2165 1175 2252 Equi-

64 2279 74 2290 “
153 2273 221 2328 tum
243 2287 288 2331 vs.
314 2265 396 2328 1267
421 2264 537 2330 chorus
558 2264 671 2329 festive
694 2265 737 2328 ad
758 2265 941 2354 Apollinem
959 2290 993 2332 se
1016 2271 1175 2334 convertit

153 2366 333 2453 malamque
366 2368 574 2433 Theomantis
606 2367 766 2433 fortunam
797 2368 956 2456 deplorat,
1001 2374 1056 2459 qui
1089 2373 1174 2438 fame

153 2471 354 2555 conficiatur,
377 2472 523 2557 quamvis
544 2470 682 2557 supplex
705 2473 774 2556 ejus
795 2472 980 2558 pharetram
1004 2475 1173 2561 amplexus

152 2575 200 2638 sit
243 2574 283 2639 In
305 2597 415 2661 vespp.
437 2597 483 2638 vs.
508 2574 568 2638 161
592 2573 755 2638 Philoclen
779 2573 872 2657 dicit,
903 2598 937 2640 se
960 2577 1000 2642 ab
1024 2577 1173 2663 Apolline

153 2676 369 2741 consulentem
391 2677 500 2742 tulisse
530 2699 732 2763 responsum,
762 2678 941 2762 peritmum
970 2700 1004 2742 se
1034 2701 1116 2760 esse,
1146 2681 1174 2744 si

149 2803 295 2866 ‚unquam
316 2803 408 2864 reum
430 2781 564 2844 crimine
587 2778 747 2844 absolvat:
776 2778 834 2842 sed
861 2782 969 2850 statim
990 2781 1174 2846 1111111111-

150 2884 309 2966 matione,
332 2905 414 2969 quae
436 2905 564 2970 semper
585 2880 758 2946 adhibetur
784 2883 818 2946 in
839 2883 931 2948 malis
958 2893 990 2948 et
1022 2884 1174 2971 periculis

153 2985 366 3072 deprecandis
375 2986 435 3070 27);
458 2983 619 3049 νΑαολλαν
641 2982 850 3069 ἀποτρόπαιε,
872 2990 928 3052 τοῦ
944 2987 1171 3070 μαντεύματος,

222 3185 268 3257 u)
287 3183 357 3240 Mira
377 3194 421 3238 est
440 3185 521 3256 hnjua
540 3185 595 3238 loci
614 3185 763 3240 similitudo
783 3205 845 3240 cnm
864 3205 913 3248 eo,
937 3190 1009 3262 quod
1029 3191 1174 3244 recentio-

148 3277 190 3326 ris
210 3274 426 3344 1111611111,
451 3273 658 3344 Shakespcare,
684 3275 713 3328 in
741 3277 860 3331 dramate
886 3276 1014 3332 Macheth
1040 3272 1172 3350 inscripto

151 3361 241 3429 lingit,
261 3377 339 3430 sagas
360 3370 475 3430 tyranno
503 3361 686 3433 praedixisse,
712 3381 766 3434 quo
795 3373 919 3436 ternpore
945 3375 973 3420 et
995 3368 1103 3438 qualem
1124 3385 1174 3439 per

57 3465 63 3470 ·
150 3451 237 3504 virum
257 3459 372 3502 mortem
392 3451 428 3502 sit
446 3449 581 3502 obiturus.

221 3538 267 3610 25)
287 3536 444 3590 Honestum
463 3537 605 3608 appellare
625 3537 761 3590 aemulum
781 3539 861 3592 nobis
881 3541 955 3606 licet,
975 3541 997 3593 si
1017 3543 1100 3594 finem
1113 3559 1173 3594 eo-

149 3627 273 3682 11611111
304 3627 480 3697 respicimus,
511 3625 540 3679 111
562 3643 615 3698 qun
640 3625 793 3679 botularius
820 3628 911 3680 subito
938 3639 1118 3683 commutatur
1144 3631 1172 3682 in

148 3713 352 3785 Agoracritus.

219 3805 264 3875 26)
285 3802 430 3868 Quomodo
450 3804 534 3868 illud,
562 3804 635 3875 qnod
663 3801 823 3858 Scholiasta·
845 3803 879 3856 ad
898 3800 984 3874 Soph.
1012 3802 1083 3858 Oed.
1111 3803 1173 3860 cot.

148 3893 202 3946 793
221 3893 302 3949 nohis
321 3893 431 3946 tradidit
456 3891 557 3964 (zdoaeei
574 3892 629 3962 γὰρ
648 3892 663 3944 ὃ
681 3892 813 3946 Ἀπόλλων
836 3891 911 3961 παρὰ
939 3893 1002 3953 Διὸς
1025 3893 1173 3966 λαμβάνειν

147 3979 206 4038 τοὺς
220 3980 368 4050 χρησμοὺς,
386 3981 423 4040 ὥς
440 4013 476 4024 -
494 3982 540 4033 καὶ
568 3983 633 4048 φησί
649 4011 685 4024 -
701 3977 1025 4051 ἍριωυαιάνηςἫρωσι),
1045 3981 1077 4032 111
1103 3998 1172 4044 eam,

148 4086 229 4140 qnam
249 4075 328 4138 poeta
342 4069 383 4121 'de
402 4068 532 4139 Apolline
550 4079 611 4122 vate
631 4068 682 4120 sibi
703 4067 1064 4122 conformarit.sententinm
1084 4070 1172 4139 possit

148 4157 287 4221 adhiberi,
310 4156 338 4210 in
358 4159 448 4212 medio
466 4159 662 4229 relinquimus,
687 4175 770 4228 quum
796 4174 882 4227 pauca
908 4156 983 4212 illins
1011 4159 1170 4212 comoediae

149 4247 300 4315 fragmenta
320 4247 422 4300 nullam
440 4247 521 4302 1111111
541 4264 634 4300 ansam
653 4247 815 4316 praebeant.

217 4337 262 4407 27)
283 4335 318 4388 cl.
338 4337 407 4406 plut.
426 4339 489 4391 359.
509 4340 571 4394 854.
592 4337 688 4407 equitt.
712 4337 789 4390 1307.
810 4352 867 4390 etv.
888 4335 933 4390 61.
