3040 5284
655 537 696 602 41

139 707 378 796 ‚poprdarium
399 707 590 774 sustderant
610 707 663 774 vel
685 709 813 776 Cereris
835 709 988 795 mysteria
998 689 1193 800 profanare-¹

152 812 316 895 ranem),
346 834 469 878 summo
498 812 653 900 supplicio
677 813 765 899 digni
793 812 995 879 videbantur.
1038 811 1191 877 Nostrum

152 939 234 982 non
258 925 307 980 est
327 916 489 1003 inquirere
511 916 545 980 in
568 909 730 1002 Diagorae
743 915 805 1005 ⁸⁰),
826 917 1039 1000 Protagorae,
1059 915 1189 982 Anaxa·

161 1043 283 1106 gorne,
306 1017 447 1086 Socratis
469 1017 629 1089 doctrinas
650 1030 682 1086 et
696 1022 878 1086 accinctius
888 1041 1098 1106 cognoscere,
1118 1042 1194 1106 qua-
1229 1068 1233 1078 .

158 1135 264 1190 tenus
285 1121 401 1208 singuli
437 1121 575 1210 publicis
597 1123 803 1208 religionibus
828 1125 1004 1211 pugnantia
1029 1123 1190 1204 dixerint;

159 1224 424 1313 Protagorae⁸¹)
456 1219 640 1314 exemplum
669 1228 877 1310 demonstrat,
912 1249 966 1294 eos
989 1227 1044 1313 qui
1067 1226 1191 1292 dubita·

163 1341 243 1398 rent
264 1339 389 1396 tanturn
411 1328 451 1394 de
474 1329 555 1413 diis,
583 1330 677 1417 plane
700 1330 814 1396 eadem
835 1353 939 1418 poena
959 1330 1088 1398 affectos
1111 1353 1189 1412 esse,

165 1461 235 1525 qua
256 1437 293 1518 ii,
322 1437 378 1522 qni
401 1435 478 1500 deos
500 1457 567 1500 esse
590 1435 779 1524 simpliciter
799 1443 956 1524 negarent
965 1433 1019 1523 82).

234 1539 417 1626 Utrumque
438 1547 545 1604 autem
573 1539 616 1604 ad
637 1539 886 1628 Aristophanem
903 1538 1026 1604 ¹referri
1047 1559 1111 1602 non
1132 1554 1187 1622 po-

169 1647 288 1732 tuisse,
318 1666 421 1731 spero,
440 1645 508 1710 iore
540 1652 576 1708 ut
598 1666 636 1710 ea
659 1667 740 1732 quae
764 1644 804 1710 de
825 1646 879 1732 pio
901 1643 968 1730 ejus
990 1641 1096 1706 animo
1118 1639 1188 1704 dixi

168 1739 253 1816 satis
267 1747 443 1814 ostendant.
488 1745 553 1812 Sed
576 1748 700 1824 etiamsi
721 1767 949 1834 nonnunquam
969 1746 1004 1808 in
1025 1765 1122 1810 scena
1140 1745 1187 1808 ni-
1239 1785 1242 1797 ·

169 1855 230 1918 mis
251 1849 366 1918 frivola
387 1851 556 1918 enunciata
576 1850 722 1938 proferre
743 1853 830 1918 visus
852 1852 908 1934 sit,
929 1857 1037 1914 tamen
1058 1871 1187 1937 persua-

169 1980 240 2030 sum
261 1955 354 2022 nobis
376 1977 444 2020 esse
472 1962 591 2042 potest,
624 1977 735 2020 veram
768 1955 836 2042 ejus
864 1963 1003 2020 mentem
1029 1977 1072 2020 ex
1093 1953 1186 2020 collo

170 2063 254 2149 quiis
265 2110 273 2144 ,
306 2082 388 2146 quae
410 2081 484 2124 eum
504 2060 539 2124 in
559 2061 734 2146 gymnasiis
757 2060 890 2148 aliisque
911 2060 998 2138 locis¹
1010 2057 1183 2124 Athenien-

168 2167 259 2231 sium,
272 2186 361 2230 more
383 2164 534 2251 privatim
564 2186 638 2230 cum
667 2163 792 2230 civibus
818 2166 946 2252 saepiam
966 2165 1075 2230 iniisse
1098 2171 1185 2228 certo

169 2269 287 2336 certius
311 2276 368 2352 est,
388 2265 545 2332 notiorem
564 2267 669 2352 fuisse,
694 2290 790 2356 quam
812 2291 893 2356 quae
914 2270 948 2334 in
970 2269 1183 2357 suspicionem

168 2371 455 2458 'vocaritpotuerit
507 2371 578 2436 Nisi
606 2372 652 2436 ita
679 2372 804 2456 firisset,
832 2381 938 2438 mente
967 2374 1093 2460 assequi
1120 2394 1185 2436 non

168 2499 312 2566 possum,
342 2497 400 2540 cur
422 2474 516 2556 Oleo,
549 2476 604 2562 qui
632 2475 710 2542 alias
737 2484 826 2540 tanta
854 2479 970 2563 peritia
998 2487 1109 2566 aperta
1130 2477 1185 2542 ad·

168 2582 383 2647 versariorum
404 2579 504 2643 latera
524 2579 669 2642 invenire
699 2579 819 2665 potuit,
848 2579 1036 2665 Babyloniis
1061 2603 1184 2646 comoe-

169 2686 224 2750 dia
253 2685 395 2748 irritatus
424 2680 672 2768 Aristophanem
707 2683 812 2756 ξενίας
845 2697 995 2748 accusare
1026 2683 1183 2758 maluerit,

168 2813 264 2878 quam
286 2783 445 2867 ἀσεβείας..

233 2891 306 2974 Qua
332 2891 430 2978 igitur
457 2911 500 2953 ex
528 2895 618 2976 parte
647 2889 674 2954 si
703 2887 824 2955 nullum
857 2899 964 2956 nostro
995 2891 1183 2958 imminebat

168 2995 361 3084 periculum,
384 2995 479 3060 etiam
500 2994 604 3058 minus
626 2993 866 3082 profanatorum
879 2997 1103 3082 mysteriorum
1123 2998 1183 3062 cri-

167 3124 242 3166 men
278 3100 308 3163 ei
340 3097 547 3163 metuendum
578 3106 654 3163 erat.
705 3098 859 3180 Quamvis
889 3099 1109 3165 difficillimum
1141 3103 1182 3166 sit

170 3212 337 3284 excutere,
366 3200 523 3288 quomodo
545 3203 697 3288 mysteria
718 3204 751 3266 in
773 3225 869 3267 scena
885 3204 1052 3290 ⁴profanari
1073 3213 1183 3291 potue-

168 3309 247 3390 rint,
277 3327 374 3393 quum
401 3305 441 3369 de
463 3305 594 3392 propria
620 3307 762 3390 ipsorum
783 3316 896 3372 natira
916 3309 995 3372 nihil
1016 3309 1083 3374 fere
1104 3312 1182 3374 scia·
1219 3339 1221 3344 ·

168 3433 253 3493 mua,
285 3419 392 3474 tamen
421 3410 488 3473 sine
516 3407 582 3472 ulla
607 3412 786 3474 temeritate
814 3411 963 3478 contendi
984 3423 1103 3500 potest,
1133 3437 1179 3496 ea,

237 3645 281 3715 79)
299 3645 342 3700 De
361 3664 457 3700 eorum
470 3663 568 3718 poena,
587 3646 634 3718 qui
646 3647 676 3700 τὰ
688 3647 821 3719 μυστήρια
832 3650 1001 3720 ἐξορχεῖσθαι
1020 3650 1078 3704 ausi
1090 3659 1176 3712 erant,

167 3735 203 3789 ol.
223 3735 353 3806 imprimis
373 3735 462 3791 Orelli
480 3737 513 3790 ad
532 3734 602 3790 flor.
623 3736 675 3790 Od.
693 3735 741 3801 ΙΙΙ,
760 3739 785 3801 2,
804 3739 848 3792 27.

237 3825 282 3894 80)
302 3824 338 3878 οἰ.
358 3844 398 3881 ar,
421 3826 498 3880 1072.
518 3843 581 3880 ran:
595 3827 657 3880 320.

236 3915 673 3990 fflfflmmstmz

235 4006 281 4080 82)
301 4003 429 4061 Ceterum
447 4023 503 4060 noa
523 4007 611 4061 solum
630 4023 693 4070 eos,
711 4007 757 4079 qui
777 4007 844 4060 deos
863 4025 918 4062 nou
939 4023 1000 4060 esse
1020 4005 1177 4061 contende·-

165 4104 239 4158 rant,
258 4095 306 4148 sed
327 4095 407 4149 etiam
433 4095 479 4166 qui
505 4113 549 4149 res
575 4097 703 4152 aorasia
729 4097 908 4166 religionibus
928 4095 1015 4150 moliri
1035 4095 1176 4159 auderent,

164 4183 310 4254 impietatis
329 4183 431 4237 arcessi
451 4183 587 4254 potuisse,
607 4183 710 4257 Aesopi
730 4185 819 4240 sabula
840 4183 916 4239 CXll
935 4183 978 4255 (ex
990 4201 1045 4238 reo.
1061 4181 1175 4258 Halmii)

163 4271 294 4336 ostendit,
320 4289 389 4344 quae
415 4277 530 4343 γυναῖκα
553 4273 645 4345 μάγον
675 4277 711 4336 ὡς
734 4273 943 4346 καινοτομοῧσαν
966 4273 1027 4342 περὶ
1055 4273 1085 4326 roi
1113 4278 1175 4328 θεῖα

166 4359 261 4430 capitis
282 4360 432 4416 damnatam
452 4361 512 4416 csse
532 4371 631 4416 narrat.
1122 4350 1127 4360 ’
