3040 5284
646 464 685 530 31

45 717 51 735 κ
163 635 268 722 dignis
298 636 442 723 partibus
479 647 511 702 et
536 640 653 726 ineptis
681 640 774 725 nugis
804 659 942 724 purgare
970 639 1004 703 in
1032 639 1175 706 animum

161 741 327 808 induxerit
347 763 464 806 necne:
495 743 530 806 id
545 743 548 750 ’
563 754 686 810 tantum
715 742 907 810 contendere
932 743 1023 825 lieet,
1052 765 1126 810 eum
1146 745 1175 808 si

160 865 276 910 revera
296 844 359 909 tale
377 845 457 932 quid
478 846 539 911 sibi
560 849 769 935 proposuerit,
790 847 886 934 plane
907 848 1064 912 contrarm
1078 847 1175 914 modo

160 971 253 1014 usum
263 971 340 1032 esse,
355 961 450 1037 atque
464 951 647 1026 Pindarum.
692 953 727 1018 Si
740 951 899 1016 Pindarus
913 951 992 1015 dicit
998 950 1092 1034 (Oll,
1099 951 1176 1036 55):

160 1051 224 1116 ὅσα
246 1050 278 1114 δ’
300 1051 394 1136 ἀνδρὶ
417 1053 525 1136 φάμεν
546 1055 649 1128 ἑανὸς
680 1053 766 1138 αμφὶ
797 1053 961 1136 δαιμόνων
990 1053 1093 1130 καλά,
1122 1055 1175 1122 vel
1277 1078 1278 1084 ’

162 1156 195 1239 (l.
222 1156 242 1220 l
269 1155 341 1244 82):
374 1156 445 1238 ἐμοί
473 1155 506 1219 δ’
535 1159 646 1242 ἄπορα
677 1161 907 1241 γαστρίμαργον
936 1156 1092 1243 μακάρων
1119 1156 1177 1222 αν)

158 1259 273 1334 εἰπεῖν,
295 1256 488 1343 ἀφίσταμαι,
517 1262 545 1326 si
574 1253 672 1346 igit'ur
701 1283 782 1348 quae
813 1261 875 1328 diis
896 1261 1029 1346 indigna
1054 1262 1084 1326 ei
1105 1283 1175 1328 esse

159 1363 309 1429 videntur
329 1363 454 1428 silentio
474 1368 643 1452 praeterit,
663 1365 893 1452 Aristophanes
909 1367 1005 1431 etiam
1018 1365 1052 1428 in
1069 1367 1174 1452 majus

159 1489 198 1532 ea
219 1449 343 1533 entollit
365 1478 396 1532 et
417 1470 463 1534 ita
485 1471 629 1534 veritatis
650 1469 781 1534 modum
800 1468 987 1536 excedendo
995 1469 1084 1555 justa
1100 1469 1172 1539 luce

159 1571 393 1638 circumfundit.
438 1572 538 1659 Cujus
559 1569 716 1638 irridendi
737 1575 863 1658 generis
885 1596 983 1659 quum
1005 1575 1172 1638 innumera

157 1675 245 1764 apud
267 1697 340 1740 eum
362 1685 488 1741 exstent
509 1677 670 1763 exempla,
696 1677 789 1763 plura
811 1677 852 1742 de
873 1678 913 1742 iis
936 1669 1091 1746 disserere
1112 1678 1170 1742 vix

157 1801 285 1844 necesse
308 1788 363 1844 est.
405 1780 478 1844 Hoc
500 1803 599 1846 smum
620 1780 663 1846 ad
685 1780 954 1866 comprobandam
973 1802 1053 1863 eam,
1075 1803 1170 1866 quam

157 1885 260 1970 primo
281 1882 350 1948 loeo
371 1883 489 1969 protuli
508 1884 696 1948 sententiam
717 1881 837 1948 addere
852 1883 931 1949 mihi
949 1882 1052 1966 liceat,
1075 1886 1171 1950 etiam

156 1987 209 2051 hic
225 1987 397 2052 clarissime
415 1987 549 2070 elucere,
568 1994 763 2072 quantopere
780 1995 875 2072 poeta
893 1985 1064 2072 gentilibus
1072 1974 1179 2054 Athe-¹

156 2093 319 2186 niensium·
336 2091 398 2156 diis
417 2089 606 2180 pepercerit
649 2088 809 2172 Fabulae,
842 2111 924 2176 quae
951 2088 992 2152 de
1021 2088 1170 2176 Apolline

156 2206 189 2261 et
207 2197 356 2263 Minerva
375 2195 512 2277 traditae
534 2203 624 2258 erant
635 2242 644 2276 ,
677 2193 790 2280 procul
811 2193 909 2260 dubio
930 2195 964 2258 in
985 2215 1094 2260 eamm
1115 2220 1172 2262 nu·

156 2321 280 2364 merum
300 2299 487 2364 referendae
508 2308 594 2382 sunt,
626 2321 704 2385 quas
726 2298 883 2364 humanae
908 2299 1017 2366 sordes
1039 2301 1169 2366 minime

156 2405 372 2490 inquinarunt:
394 2413 533 2468 attamen
554 2423 672 2490 paucas
689 2425 813 2489 quoque
830 2425 939 2468 aarum
956 2412 1072 2490 partes,
1087 2425 1170 2490 quae

157 2507 389 2572 cavillationem
411 2507 636 2594 admittebant,
666 2505 903 2594 diligentissime
925 2517 1021 2592 potita
1041 2506 1171 2572 videtur

157 2612 300 2676 evitasse.
358 2609 399 2674 In
425 2609 545 2674 Avium
574 2632 636 2674 vss.
665 2609 729 2674 544
748 2633 833 2696 sqq.,
870 2611 927 2676 ubi
953 2611 1170 2676 Pisthetaerus

155 2715 268 2780 festive
289 2715 450 2800 proponit,
473 2713 550 2778 deos
571 2721 658 2776 terra
678 2712 904 2795 intercludere,
939 2737 979 2778 ne
1008 2737 1081 2780 cum
1101 2737 1169 2782 mu·

154 2817 293 2882 lierculis
314 2817 459 2882 humanis
487 2825 637 2880 utentes
662 2837 731 2880 rem
760 2815 880 2882 habere
912 2819 1048 2904 possint,
1077 2819 1170 2886 Jovis

155 2931 187 2986 et
208 2923 365 3006 Neptuni,
400 2922 529 2986 minime
557 2929 663 2986 autem
693 2919 850 3008 Apollinis
879 2944 1002 2988 amores
1034 2945 1169 2990 comme·

155 3035 333 3091 moranum:
354 3028 389 3090 in
411 3025 555 3113 ejusdem
577 3025 704 3090 fabulae
718 3049 780 3093 vss.
792 3027 855 3092 471
872 3049 952 3112 sqq,
974 3027 1030 3092 ubi
1046 3025 1169 3100 Pisthess

153 3139 261 3194 taems
282 3153 357 3194 aves
379 3139 452 3194 ante
473 3139 592 3194 terram
621 3131 779 3194 exstitisse
809 3129 885 3194 inde
912 3130 1048 3216 colligit,
1081 3131 1169 3216 quod

153 3231 280 3319 Aesopo
302 3241 431 3298 auctore
459 3234 574 3298 cassita
602 3244 689 3298 terra
717 3255 829 3298 carens
853 3244 978 3319 patrem
1006 3242 1168 3300 mortuum

152 3339 188 3402 in
208 3339 307 3426 ipsius
336 3338 440 3422 capite
468 3335 667 3421 sepeliverit,
695 3336 922 3424 Aristophani,
939 3323 1010 3424 ,qui
1038 3360 1097 3424 per
1122 3349 1168 3404 to-

152 3450 218 3506 tam
239 3442 322 3506 hanc
346 3439 544 3516 comoediam
570 3440 680 3536 avitum
702 3442 916 3508 conditionem
938 3463 1012 3508 cum
1034 3442 1167 3510 deorum

100 3613 104 3622 ,
153 3567 340 3634 comparare
369 3567 465 3632 quam
486 3544 626 3610 maxime
656 3543 802 3628 adamat,
837 3548 957 3632 optima
991 3544 1066 3612 data
1098 3557 1168 3612 erat
1222 3597 1237 3620 ..

151 3651 286 3716 facultas
316 3652 350 3715 in
378 3649 519 3714 medium
554 3647 767 3733 proferendae
796 3649 881 3714 illius
912 3648 1052 3752 fabulae,
1084 3671 1166 3734 quae

150 3753 330 3820 Minervam
352 3773 395 3818 ex
416 3753 507 3818 Jovis
539 3753 639 3838 petris
669 3754 774 3839 capite
806 3761 913 3818 namn]
941 3775 1009 3818 esse
1038 3762 1165 3820 narrat:

150 3857 229 3922 nihil
252 3860 337 3922 enim
359 3867 415 3940 est,
438 3855 524 3944 quod
545 3857 647 3942 magis
668 3858 767 3944 priori
788 3856 834 3920 illi
859 3856 985 3921 fabulae
1004 3879 1046 3920 ex
1064 3856 1164 3920 altera
1261 3917 1265 3938 ‚

151 3971 242 4049 parte
253 3959 452 4048 respondeat.
475 3959 541 4026 Sed
553 3962 683 4026 minime
698 3962 778 4027 haec
789 3983 904 4048 urgere
920 3961 1026 4045 velim,
1039 3984 1079 4026 ne
1090 3971 1164 4048 poti-

148 4077 200 4134 tae
213 4065 292 4153 quid
302 4065 421 4132 scribat
434 4067 634 4151 praecepisse
647 4066 774 4132 videar:
789 4074 911 4132 constat
921 4063 1163 4151 utique,Aristo-

148 4170 286 4258 phanem
309 4168 534 4255 nunquamde
557 4167 705 4256 Apolline
727 4171 780 4236 vel
791 4172 940 4260 Minerva
957 4169 1053 4234 simili
1066 4171 1162 4238 modo

142 4277 248 4363 jocari
258 4293 369 4340 ausum
383 4295 461 4355 esse,
477 4296 514 4338 ac
527 4273 567 4338 de
576 4275 603 4358 ¹J
605 4298 673 4359 ove,
685 4277 821 4358 Baccho,
829 4275 1001 4356 Mercurio,
1015 4274 1163 4340 Hercule.
