3040 5284
970 573 1012 638 20

488 763 548 815 τεις
569 763 641 806 eum
664 739 814 824 medicis,
846 741 961 826 fabris,
989 723 1187 826 cantoribus,
1214 737 1440 828 praeconibusl

488 844 603 910 bentm
622 845 656 908 in
678 842 876 932 δημιουργῶν
896 868 1027 914 numero
1051 848 1071 910 i.
1089 831 1259 928 aeorum,
1281 844 1337 930 qui
1359 851 1439 907 artes

489 949 588 1012 vitam
609 955 798 1014 sustentant:
831 949 950 1013 nemini
980 957 1087 1015 autem
1116 948 1178 1014 illis
1207 948 1440 1036 temporibust

490 1052 567 1140 quid
589 1052 760 1140 opprobrio
782 1062 865 1136 erat,
895 1075 992 1139 quum
1022 1054 1117 1142 pauci
1137 1060 1259 1118 tantum
1282 1060 1315 1116 et
1337 1052 1366 1116 si
1386 1052 1440 1113 iter

416 1205 419 1218 ,
490 1181 562 1224 cere
584 1159 675 1243 licet,
696 1179 810 1224 revera
832 1157 940 1222 divino
970 1157 1110 1243 quodam
1137 1158 1250 1245 spiritu
1278 1156 1379 1220 afflati
1398 1151 1440 1216 nol

487 1262 682 1328 vaticinandi
710 1264 771 1328 arti
802 1260 972 1326 studerent
1031 1259 1197 1328 Nonnullis
1228 1267 1337 1324 autem
1367 1279 1440 1322 saecu

486 1367 668 1452 interjectis·
680 1374 768 1430 tanta
789 1385 912 1429 morum
934 1363 1114 1450 corruptele
1134 1365 1168 1428 in
1188 1364 1284 1429 rebus
1306 1371 1340 1426 et
1353 1361 1440 1428 hume

487 1478 518 1532 et
539 1468 655 1532 divinis
676 1467 839 1555 paullatim
861 1468 1045 1552 irrepserat,
1066 1475 1185 1532 utnon
1207 1466 1307 1532 solum
1322 1465 1440 1552 pleraeq

487 1570 685 1638 oraculorum
705 1570 796 1635 sedes
817 1571 851 1634 in
871 1568 1045 1634 reddendis
1065 1571 1224 1658 responsis
1251 1569 1368 1634 fraude
1390 1587 1440 1652 qus

485 1677 534 1742 vis
554 1675 745 1740 astutissima
764 1682 941 1756 uterentur,
975 1673 1015 1738 de
1044 1695 1164 1760 quare
1185 1673 1238 1738 hic
1258 1672 1357 1760 plura
1377 1667 1440 1736 addc

485 1805 505 1846 a
526 1780 708 1867 quaestione
729 1786 837 1843 nostra
860 1776 998 1842 alienum
1020 1786 1085 1860 est,
1107 1777 1165 1842 sed
1186 1779 1282 1864 etiam
1302 1775 1412 1856 multi,
1433 1792 1440 1854 t

485 1886 547 1950 alio
582 1895 715 1970 quaestu
742 1885 841 1949 vitam
871 1883 1008 1948 tolerare
1039 1904 1104 1948 non
1130 1889 1292 1970 poterant,
1329 1881 1399 1944 sine
1427 1897 1440 1936 u

485 1990 582 2052 animi
614 1990 734 2074 impetu
764 1989 845 2052 lucri
874 2011 971 2055 eausa
1008 1988 1130 2054 creduli
1158 1985 1268 2075 populi
1286 1984 1329 2066 59)
1364 1982 1440 2048 levio

484 2090 575 2156 abusi
588 2091 843 2156 vaticinarentur.
876 2093 1001 2173 Quibus
1015 2092 1209 2176 hominibus,
1225 2091 1374 2178 quamvis
1391 2105 1440 2151 om

483 2195 550 2258 lere
570 2193 625 2258 illa
646 2192 740 2277 dicta,
763 2216 844 2280 quae
864 2195 1020 2281 χρησμοὺς
1040 2196 1146 2261 dicere
1168 2194 1320 2276 solebant,
1344 2215 1401 2260 suo
1413 2192 1440 2276 ipt

483 2320 553 2362 rum
579 2298 706 2362 nomine
735 2299 925 2382 invenirent,
953 2308 1060 2366 tamen
1089 2299 1261 2387 prudentia
1290 2297 1428 2385 quadam

483 2401 598 2466 astutia
620 2423 698 2489 opus
719 2401 829 2486 fuisse,
852 2404 1013 2491 exipsius
1036 2405 1084 2467 rei
1103 2413 1217 2469 natura
1237 2411 1383 2491 apparet.
1411 2401 1440 2462 ll

483 2505 576 2580 κίλως
601 2507 685 2570 enim
713 2511 767 2568 καὶ
794 2510 902 2592 σοφῶς
932 2504 1101 2597 ᾐνιγμένον
1126 2506 1248 2596 (equitt
1281 2507 1358 2591 196)
1387 2502 1440 2571 vali

483 2611 571 2676 nium
593 2631 661 2675 esse
682 2613 865 2699 oportebat,
887 2613 914 2677 si
936 2611 1013 2699 quid
1034 2612 1152 2702 valere
1167 2611 1254 2700 apud
1273 2612 1440 2678 hominest

482 2723 530 2782 tes
552 2715 701 2780 volebant
709 2713 763 2803 ⁴¹⁰).
806 2715 952 2782 Eandem
982 2715 1023 2782 ob
1053 2737 1180 2781 causam
1208 2715 1249 2782 ab
1276 2715 1427 2804 Apolline

482 2937 571 2994 Etiam
589 2955 740 3010 praecones
759 2939 930 3011 δημιουργῶν
949 2957 1063 2995 numero
1087 2942 1282 2997 adscribendos
1307 2961 1387 3009 esse,
1413 2955 1437 2996 et

481 3027 579 3098 probat
597 3024 696 3096 Odyss.
714 3023 870 3100 xlx,'135.

550 3118 594 3190 39)
613 3115 723 3186 Insigne
742 3116 822 3187 hujus
840 3117 882 3170 rei
900 3118 1052 3189 exemplum
1066 3119 1112 3173 illa
1123 3122 1249 3176 vaticinia
1262 3123 1436 3195 praebente

481 3215 544 3258 ante
563 3202 735 3258 Siciliensem
755 3205 957 3276 expeditionem
976 3203 1218 3265 omnium'animos
1243 3211 1271 3265 in
1289 3213 1379 3267 varias
1399 3223 1435 3282 pat

481 3295 671 3348 distraxerunt.
708 3295 798 3360 Quum
823 3295 953 3349 nonnulla
977 3297 1100 3368 prodigia
1125 3307 1153 3352 et
1177 3301 1286 3354 oracula
1311 3311 1366 3354 tam
1393 3302 1435 3368 inp

480 3384 618 3453 inceptum
638 3382 840 3449 dissuaderent,
867 3384 1023 3441 Alcibiades
1051 3389 1176 3442 omnibus
1199 3389 1300 3443 ritihus
1319 3389 1347 3441 id
1367 3391 1434 3460 egit,

416 3467 419 3485 '
480 3473 622 3527 contrariis
640 3463 775 3554 ¹rqtieiniis
794 3475 961 3530 adversarios
981 3487 1123 3548 superaret
1141 3477 1222 3550 (Plut.
1241 3475 1303 3531 Nih.
1322 3474 1413 3551 Vlll).
1433 3461 1434 3477 ¹

480 3574 571 3619 autem
600 3563 669 3620 male
697 3575 785 3637 gesta}
819 3567 1002 3624 Athenienses
1030 3571 1266 3624 vehementissime
1295 3569 1351 3623 illis
1382 3555 1433 3628 vall

479 3659 562 3711 iratos
582 3673 643 3710 esse
662 3655 837 3729 Thucydides
856 3659 939 3733 (vul,
960 3663 983 3734 1)
1003 3669 1103 3714 namet.
1149 3657 1205 3714 Sed
1228 3676 1284 3712 non
1308 3661 1432 3755 solumq

480 3761 548 3798 mam
566 3745 689 3814 plebem,
712 3746 860 3800 sedetiam
882 3748 955 3801 viros
978 3747 1089 3816 ingenio
1114 3746 1251 3818 praeditos
1274 3747 1322 3802 tali
1347 3763 1431 3840 supet,

479 3833 547 3886 tioni
565 3832 645 3884 nimis
664 3832 810 3887 indulsisse
829 3835 1072 3904 comprobantes,
1092 3853 1161 3908 quae
1180 3835 1342 3892 Plutarchus
1363 3841 1431 3895 noni

478 3921 511 3973 lis
530 3917 624 3972 Niciae
642 3905 713 3974 ritae
731 3921 799 3976 locis
819 3923 853 3976 de
872 3923 931 3994 ejus
949 3927 986 3986 alc
1002 3921 1029 3978 τὸ
1047 3931 1124 3980 θεῖον
1141 3928 1298 3994 ἐπιτηδεύσει
1310 3928 1387 3994 dicit,

477 4007 674 4079 Aristophanes
693 4008 860 4080 lepidissime
879 4011 975 4068 irridet
993 4014 1020 4070 in
1039 4012 1142 4088 Equitt.
1165 4033 1218 4070 sss.
1230 4013 1275 4071 ’30
1294 4035 1352 4089 sqq.
1414 4061 1418 4082 ,

547 4105 592 4178 to)
611 4101 763 4158 Nonnullos
781 4115 856 4160 vates
876 4125 909 4161 eo
928 4109 1093 4180 petulantiae
1112 4129 1273 4184 progressos
1292 4127 1368 4176 csse,
1395 4113 1429 4169 ull

478 4201 536 4246 arte
559 4193 804 4264 ventriloquorum,
827 4196 851 4249 si
873 4196 924 4252 hac
949 4217 1017 4254 voce
1041 4201 1077 4255 ,ab
1103 4219 1185 4256 aurea
1213 4210 1302 4258 aetate
1331 4201 1428 4256 aliena*

478 4279 542 4332 mihi
561 4280 640 4346 licet,
665 4281 771 4336 divinae
797 4293 909 4340 naturae
937 4288 1056 4358 speciem
1080 4291 1197 4345 oraculis
1221 4291 1277 4344 suis
1303 4231 1428 4346 adderel

476 4375 695 4434 contemnerent,
714 4382 826 4442 apparet
846 4391 879 4427 ex
896 4391 990 4446 vespp.
1012 4377 1088 4431 tote.
1426 4363 1427 4447 l
