3040 5284
803 571 845 636 28

324 761 460 804 arcanae
481 742 582 824 vires,
613 763 691 826 quas
712 749 817 808 mente
839 740 964 827 assequi
990 738 1075 806 illius
1101 740 1213 804 aetatis
1233 739 1333 806 homi-

325 867 383 910 nes
411 843 452 910 ob
484 847 634 932 exiguam
663 844 867 932 physicorum
894 845 1059 910 scientiam
1087 865 1151 908 non
1178 851 1333 930 poterant,

324 949 437 1012 animis
457 948 684 1014 verecundiam
705 948 864 1036 quandam
885 949 1067 1034 injicerent,
1118 968 1178 1016 uae
1202 947 1333 1013 ‘cavilla-

323 1053 402 1116 tioni
422 1053 527 1118 locum
547 1069 611 1119 non
640 1053 841 1141 relinqueret.
894 1053 950 1117 Ex
979 1051 1220 1140 Amphiarai⁶¹)
1248 1051 1331 1140 frag·

321 1157 435 1220 mentis
456 1157 676 1243 intelligimus,
697 1157 942 1244 Aristophanem
963 1157 1043 1222 tanti
1064 1156 1226 1220 mendacis
1246 1176 1330 1238 μαν-

321 1262 405 1342 τικῆς
426 1258 616 1325 detrimenta
636 1261 763 1344 fecisse,
784 1270 820 1326 ut
832 1261 1016 1346 neutiquam
1034 1259 1257 1342 contemneret,
1277 1258 1329 1324 vel

320 1371 421 1428 totam
442 1359 640 1428 comoediam
662 1386 701 1429 ea
721 1373 826 1428 mente
849 1363 979 1448 docere,
1007 1372 1043 1430 ut
1064 1365 1151 1430 cives
1171 1371 1237 1429 tarn
1258 1385 1329 1450 per-

319 1468 460 1532 niciosae
478 1469 592 1532 mentis
616 1469 762 1532 caecitati
786 1469 931 1554 eriperet

385 1570 450 1636 Sed
470 1594 536 1637 non
556 1571 657 1636 solum
678 1572 712 1636 in
733 1571 891 1636 vaticiniis
911 1578 1031 1634 temere
1053 1567 1238 1653 credendis,
1270 1569 1327 1634 sed

317 1675 423 1741 multis
445 1675 515 1741 aliis
535 1677 570 1741 in
590 1677 687 1742 rebus
707 1674 957 1760 Atheniensium,
978 1673 1139 1739 hominum
1159 1674 1326 1760 religiosis-

270 1795 277 1878 Ἰ
317 1781 477 1864 simorum,
492 1782 673 1868 superstitio
692 1780 846 1846 elucebat.
888 1777 1051 1864 Prodigia,
1065 1779 1178 1862 omina,
1195 1780 1325 1862 somnia,

316 1892 400 1949 artes
420 1889 571 1970 magicae,
592 1885 778 1951 umbrarum
800 1878 1023 1970 larvarumque
1044 1892 1146 1948 metus
1172 1883 1253 1948 adeo
1275 1906 1325 1950 eo·

314 2013 386 2056 rum
408 1993 529 2056 animos
551 1997 753 2075 occuparant,
775 1997 810 2052 ut
831 1988 976 2053 omnibus
997 1986 1064 2050 fere
1092 1987 1127 2050 in
1154 1987 1250 2052 rebus
1268 2011 1324 2074 pu-

314 2092 407 2158 blicis
437 2103 469 2158 et
495 2093 629 2180 privatis
658 2092 727 2155 vim
758 2089 897 2177 aliquam
928 2099 1124 2155 exercerent.
1177 2089 1323 2156 Graecae
1432 2099 1435 2106 '

313 2195 463 2286 historiae
486 2197 656 2283 scriptores
684 2193 783 2258 multa
814 2192 907 2258 nobis
935 2191 1137 2260 tradiderunt
1166 2196 1321 2283 exempla,

199 2331 201 2336 ·
313 2299 492 2387 exquibus
515 2307 665 2386 quantam
686 2297 905 2362 auctoritatem
936 2318 1044 2361 omnes
1074 2297 1192 2364 Graeci
1213 2300 1323 2364 omini·

311 2402 372 2472 bus
393 2401 563 2467 tribuerint
582 2399 794 2486 intelligimus:
837 2399 884 2464 Ut
903 2411 1002 2463 unum
1031 2399 1154 2464 tantum
1182 2401 1323 2485 afferam,

310 2505 492 2597 Xenophon
511 2508 545 2572 in
564 2505 739 2571 Hellenicis
758 2512 884 2587 narrat,
906 2503 1116 2570 Athenienses
1136 2505 1211 2571 inde
1235 2505 1321 2593 quod

309 2608 489 2679 Alcibiadis
509 2609 632 2676 reditus
654 2632 727 2675 cum
747 2607 919 2696 Plynteriis
948 2609 982 2672 in
1008 2608 1145 2673 eundem
1168 2609 1253 2680 diem
1274 2612 1322 2675 in·
1395 2645 1400 2658 f

311 2713 444 2799 ciderit,
467 2713 661 2780 calamitates
685 2714 894 2804 praesagiisse
909 2711 965 2800 ⁶²).
1007 2711 1177 2799 Ejusmodi
1199 2713 1320 2780 divina-
1445 2725 1451 2740 '

308 2821 410 2884 tiones
431 2818 661 2907 Aristophanes
682 2821 716 2882 in
737 2817 791 2883 illo
813 2817 1009 2903 Lysistratae
1029 2815 1159 2900 100055)
1183 2816 1317 2902 deridet,

307 2922 365 2988 ubi
384 2923 543 2989 Probulus
575 2922 748 2988 Siciliensis
776 2920 988 3007 expeditionis
1021 2919 1145 2985 cladem
1173 2923 1203 2986 ei
1231 2925 1318 2987 casui

307 3027 434 3110 tribuit,
457 3025 543 3113 quod
564 3024 677 3091 eodem
698 3034 851 3111 tempore,
874 3045 936 3110 quo
958 3023 1179 3088 Demostratus
1197 3026 1232 3089 in
1246 3048 1318 3091 eon·

309 3131 400 3195 cione
429 3129 635 3218 popularibus
665 3150 736 3193 eam
764 3127 978 3214 proposuerit,
1010 3123 1158 3193 mulieres
1188 3127 1316 3194 Adonia
1353 3144 1357 3154 ·

308 3233 505 3300 celebrantes
526 3235 680 3320 tectisque
701 3232 874 3298 insidentes
890 3231 1129 3298 lamentationes
1147 3233 1315 3300 ediderint.
1365 3263 1376 3284 ν

305 3338 360 3403 Ex
380 3338 636 3404 Acharneusium
656 3359 702 3402 vs.
726 3337 798 3421 169,
819 3335 876 3402 ubi
896 3335 1118 3426 Dicaeopolis,
1146 3339 1232 3424 quod
1258 3340 1315 3404 im·

376 3571 420 3647 61)
448 3571 492 3627 De
510 3572 652 3646 Amphiari
671 3575 783 3629 oraculo
809 3572 844 3627 ci.
864 3569 921 3642 (lic.
951 3573 985 3625 de
1012 3580 1068 3624 nat.
1087 3566 1122 3624 D'.
1141 3568 1189 3633 lll,
1209 3570 1250 3634 19,
1269 3569 1314 3623 49.

304 3660 421 3717 Pausan.
440 3661 462 3728 l,
480 3665 524 3718 34.
543 3672 578 3706 ⁴-
596 3663 630 3718 V.
649 3664 780 3736 imprimis
803 3662 898 3731 fragm.
917 3657 996 3714 Vlll:

479 3751 577 3823 Ὀσφῧν
594 3755 622 3808 d'
642 3757 669 3816 ἐξ
687 3755 778 3824 ἄκρων
796 3752 977 3822 διακῶγκλισον
994 3747 1050 3814 risit!
1067 3751 1174 3819 stipulor

481 3840 581 3913 ἀνδρὸς
597 3842 757 3913 πρεσβύτου·
775 3841 867 3894 τελέειν
885 3837 913 3890 d’
922 3835 1029 3909 ἀγαθὴν
1045 3836 1180 3912 ἐπαοιδήν.

305 3929 402 3998 „llaec
420 3930 454 3985 ad
473 3932 582 3985 modum
601 3932 706 3985 oraculi
723 3929 929 4002 praecipiuntur
946 3925 1068 3992 mulieri,
1087 3935 1118 3980 ut
1136 3927 1209 3980 senis
1227 3927 1312 3981 robur
1336 3975 1342 3990 ,

302 4023 430 4076 excitat.“
466 4019 558 4092 Bergk
577 4021 672 4091 fragm.
692 4039 753 4092 pag.
774 4021 818 4075 67.

375 4109 419 4182 62)
437 4107 512 4165 Xen.
530 4109 606 4165 Heli.
625 4109 647 4175 l,
665 4113 691 4178 4,
713 4111 758 4164 12:
787 4105 947 4176 Ἀλκιβιάδης
962 4107 1129 4160 cadauera
1146 4107 1172 4166 ἐς
1188 4106 1232 4160 τὸν
1250 4114 1312 4160 Πει-

303 4201 369 4268 ραιᾶ
385 4197 471 4271 ἡμέρᾳ
481 4239 490 4264 ,
507 4192 524 4274 ᾖ
542 4200 684 4272 πλυνιῆρια
704 4194 767 4272 ἦγεν
799 4198 813 4264 ἦ
833 4195 962 4256 πόλις-
979 4227 1023 4260 -,
1047 4193 1141 4257 ὃπνὲς
1165 4199 1311 4259 οἰωνίζοντο

302 4286 481 4354 ἀνεπιτήδειον
498 4291 567 4342 εῖναι
584 4289 630 4342 καὶ
648 4289 719 4360 αὐτῷ
736 4287 782 4342 καὶ
798 4286 828 4359 τῇ
844 4285 927 4344 πόλει,
974 4281 1069 4339 Simile
1088 4285 1239 4362 exemplum
1258 4303 1310 4339 ex·-
1382 4354 1388 4368 ι

300 4386 354 4433 stat
372 4377 400 4432 in
419 4373 507 4430 Thue.
526 4371 561 4441 ll,
579 4377 607 4432 8.
793 4413 794 4416 =
829 4374 874 4447 63)
891 4373 945 4430 389
963 4389 1022 4446 sqq.
