3040 5284
683 498 727 562 45

195 689 369 754 parumper
390 669 488 732 sacris
511 677 658 754 operatus
680 692 699 732 a
720 667 918 734 Pisthetaero
939 691 981 734 ex
993 669 1207 756 Nepheloeoc-

196 771 291 856 cygia
311 770 499 857 expellitur,
521 769 573 834 hic
593 771 709 836 nullius
730 781 777 836 est
798 774 965 855 momenti,
995 795 1092 860 quum
1113 795 1206 860 nemo

194 873 395 940 sacerdotum
420 875 506 942 illam
529 876 760 943 cavillationem
783 878 825 943 ad
846 901 880 943 se
902 876 1022 943 referre
1043 889 1157 965 posset.

259 979 314 1043 Ex
344 979 460 1066 quibus
490 979 635 1046 omnibus
656 980 752 1046 rebus
781 990 928 1069 apparet,
953 981 1207 1070 Aristophanem,

195 1081 301 1166 quoad
323 1081 364 1146 de
386 1082 449 1148 ullo
470 1075 601 1172 homins‘
618 1083 682 1148 tale
703 1083 782 1170 quid
803 1083 983 1171 praedicari
1005 1093 1125 1172 potest,
1159 1095 1207 1150 tu·

193 1192 262 1248 turn
294 1184 390 1249 fuisse
421 1208 440 1249 a
471 1186 611 1272 maligna
632 1187 805 1274 impietatis
828 1188 1046 1252 accusatione:
1075 1189 1206 1252 minime

194 1287 323 1352 infitiari
346 1288 424 1352 mihi
445 1290 478 1352 in
500 1291 606 1354 animo
624 1299 680 1372 cst,
700 1290 768 1356 sine
785 1289 883 1356 dubio
895 1313 968 1357 eum
980 1313 1205 1378 nonnunquam

193 1391 255 1454 nisi
276 1389 445 1475 factiones,
475 1402 582 1457 tamen
612 1393 922 1478 singulos'homines
944 1395 1097 1461 conviciis
1118 1403 1206 1460 tanta

193 1496 241 1558 ira
262 1495 461 1574 accendisse,
496 1506 532 1562 ut
559 1499 586 1563 si
614 1500 804 1588 potuissent,
837 1499 893 1564 tali
920 1521 1045 1587 quoque
1074 1499 1206 1563 crimine

193 1599 351 1664 adversus
370 1598 442 1665 euni
464 1601 555 1667 abusi
578 1613 693 1669 essent:
715 1613 748 1668 at
769 1627 806 1669 eo
825 1606 927 1691 magis
943 1602 1138 1670 credendum
1150 1613 1206 1687 est,

193 1705 225 1767 in
249 1703 422 1782 comoediis
444 1715 570 1792 po'e'tam
593 1729 718 1794 semper
740 1731 778 1773 eo
799 1730 892 1772 usum
914 1729 982 1772 esse
996 1727 1149 1788 sermone,
1171 1716 1211 1770 ut,

193 1808 385 1875 adversariis
406 1810 488 1875 latus
509 1812 631 1876 nudum
652 1835 717 1876 non
739 1811 838 1877 daret
867 1809 932 1876 Sed
945 1810 1025 1876 haec
1037 1807 1205 1874 hactenus:

192 1915 220 1978 si
240 1916 329 2001 prior
351 1937 441 1980 meae
463 1917 734 1982 commentationis
756 1939 830 2002 pars
851 1937 887 1980 re
903 1939 982 1981 vera
996 1913 1205 2001 comprobare

192 2020 339 2104 potuerit,
361 2019 607 2106 Aristophanem
621 2043 669 2102 co,
691 2041 786 2106 quem
799 2041 896 2106 supra
907 2018 1094 2105 significavi,
1109 2016 1205 2082 modo

194 2121 270 2186 deos
292 2123 326 2186 in
347 2122 511 2188 irridendo
535 2122 736 2211 disjunxisse,
757 2122 849 2188 alteri
873 2124 957 2210 parti
979 2120 1103 2188 facilius
1124 2121 1205 2186 fides

192 2225 370 2290 habebitur.

257 2329 389 2423 Tamen,
411 2339 446 2394 ut
462 2331 531 2416 jam
553 2330 594 2396 ab
617 2331 707 2396 initio
731 2329 810 2414 dixi,
830 2350 1032 2415 nequaquam
1053 2349 1104 2392 me
1115 2327 1204 2412 fugit,

143 2505 146 2520 Ι
191 2433 334 2520 singulae
355 2432 449 2519 hujus
471 2432 701 2500 dissertationis
728 2445 835 2522 partes
856 2433 1050 2520 reliquorum
1071 2433 1204 2497 comico·

191 2561 262 2602 rum
283 2539 469 2623 fragmentis
491 2538 713 2605 collustrentur
734 2562 863 2607 necesse
886 2561 970 2604 esse:
996 2560 1061 2603 non
1083 2536 1203 2614 dubito,

192 2642 268 2727 quin
290 2641 347 2705 tali
369 2640 534 2706 collatione
556 2642 640 2707 facta
661 2643 776 2726 multa,
806 2665 888 2730 quae
914 2641 967 2706 hic
989 2639 1203 2726 Aristophane

192 2747 257 2812 solo
280 2755 410 2811 auctore
431 2747 465 2810 in
486 2745 625 2810 mediam
646 2747 777 2834 protuli,
799 2749 974 2833 corrigere,
996 2744 1096 2809 multa
1117 2754 1202 2808 certe

191 2852 254 2917 alia
274 2851 345 2915 luce
368 2849 623 2915 circumfundere
646 2873 755 2937 cogar:
778 2851 836 2916 sod
858 2874 956 2938 quum
977 2848 1134 2936 quaestio,
1161 2847 1201 2913 de

191 2981 255 3044 qua
275 2947 398 3042 agitur,
423 2979 551 3044 semper
580 2956 790 3022 delectatione
813 2955 951 3042 quadam
972 2975 1023 3017 me
1046 2951 1201 3034 allexerit,

193 3059 247 3124 ubi
268 3067 392 3147 potero,
414 3060 510 3123 etiam
531 3059 665 3124 alterum
683 3059 762 3124 illud
784 3081 898 3124 munus
913 3057 1020 3122 subire
1032 3054 1109 3120 mihi
1131 3076 1202 3142 pro·

188 3185 288 3249 posur.
