3040 5284
916 489 958 553 34

437 658 642 745 religionibus
665 645 842 744 pere'grinis
872 669 904 723 et
932 659 1207 746 superstitionibus
1236 662 1325 748 apud
1349 685 1459 750 popu-

436 763 517 827 lares
538 761 726 848 profecerit,
757 771 914 848 postremo
943 762 1101 850 quomodo
1130 765 1302 850 impietatis
1326 769 1457 830 crimen

437 867 576 953 effugere
598 866 744 954 potuerit
1299 853 1304 858 ¹

520 973 648 1037 PrImae
685 972 876 1058 quaestionis
911 971 1017 1058 paullo
1054 971 1212 1038 difficilior
1243 979 1291 1035 est
1323 979 1457 1050 natura,

437 1101 534 1165 quum
554 1079 648 1142 nimis
669 1077 735 1142 rari
757 1084 790 1140 et
811 1075 954 1163 dissipati
977 1078 1040 1142 sint
1060 1079 1084 1142 ii
1106 1078 1178 1160 loci,
1195 1099 1237 1140 ex
1250 1075 1372 1161 quibus
1383 1075 1456 1140 'tale

368 1205 374 1215 ·
435 1182 513 1269 quid
534 1181 701 1247 enucleare
721 1181 814 1248 nobis
834 1181 937 1249 liceat.
992 1185 1116 1250 Tamen
1137 1207 1235 1272 quum
1256 1207 1322 1248 non
1344 1183 1457 1248 desint

434 1294 638 1372 argumenta,
672 1307 754 1371 quae
786 1284 829 1349 ad
855 1285 1067 1372 judicandum
1099 1285 1323 1372 Aristophanis
1358 1287 1453 1372 pium

435 1392 575 1456 animum
596 1388 717 1475 ahquid
738 1387 874 1473 valeant,
895 1392 1073 1455 accuratius
1095 1393 1128 1454 in
1149 1414 1217 1456 rem
1239 1392 1453 1477 inquiramus.

434 1494 515 1560 Mihi
537 1493 667 1582 quidem
687 1515 760 1556 cum
782 1501 847 1558 toto
863 1494 931 1580 ejus
945 1495 1082 1581 ingenio,
1104 1495 1190 1582 quod
1201 1517 1330 1582 semper
1347 1496 1451 1581 prisci

432 1623 539 1665 rerum
560 1606 658 1664 status
684 1596 794 1662 laudes
815 1598 994 1684 praedicat,
1022 1623 1152 1666 auream
1179 1600 1450 1684 Μαραθωνομά-

431 1725 497 1785 χων
517 1710 652 1768 aetatem
674 1701 723 1765 sui
744 1701 896 1787 temporis
916 1701 1096 1768 hominibus
1124 1713 1160 1768 ut
1187 1703 1352 1791 speculum
1377 1725 1450 1789 pro

432 1809 536 1897 ponit,
570 1806 665 1871 rebus
696 1806 787 1870 novis
807 1814 988 1870 constanter
1008 1808 1139 1890 resistit,
1177 1830 1272 1893 quarn
1302 1809 1448 1872 maxime

432 1920 677 1979 consentaneum
698 1931 766 1975 esse
787 1909 932 1994 videtur,
962 1933 1035 1976 eum
1062 1911 1224 1976 veteribus
1246 1933 1377 1998 quoque
1400 1934 1446 1974 re

430 2016 603 2104 ligionibus
625 2015 769 2101 quamvis
790 2015 919 2100 puriore
941 2015 1079 2101 quadam
1101 2025 1189 2080 vesto
1208 2014 1329 2081 indutis
1342 2015 1446 2080 liben-

326 2117 357 2160 ‘‚
431 2133 481 2187 ter
501 2119 676 2186 indulsisse.
719 2116 817 2198 Quod
837 2125 873 2182 ut
894 2117 1033 2202 credam,
1055 2127 1135 2204 antex
1150 2119 1256 2183 omnia
1277 2118 1446 2183 meaddu-

433 2233 509 2290 cunt
527 2223 575 2288 illi
595 2221 666 2305 loci,
687 2222 721 2284 in
743 2220 858 2306 quibus
879 2243 957 2285 vera
969 2231 1083 2308 poetae
1100 2245 1155 2287 ora
1167 2223 1227 2289 sub
1245 2221 1337 2287 larva
1350 2225 1446 2309 quasi

431 2329 635 2418 prospiciunt.
665 2326 717 2389 'In
736 2325 875 2390 nubibus
905 2325 1069 2391 nonnullos
1096 2326 1253 2416 ejusmodi
1280 2327 1368 2393 locos
1399 2330 1443 2392 in-

431 2435 594 2514 venimus,
624 2451 666 2494 ex
694 2429 826 2516 quibus,
857 2451 939 2515 quae
969 2451 1047 2494 vera
1067 2432 1108 2495 sit
1134 2441 1247 2518 poetae
1274 2434 1443 2512 sententia,

430 2538 541 2604 elucet.
568 2533 649 2600 Inde
671 2557 691 2598 a
711 2541 807 2598 vers'u
830 2532 912 2597 1453
935 2530 1143 2620 Strepsiades,
1161 2537 1216 2622 qui
1234 2558 1350 2620 magno
1368 2558 1441 2602 cum
1477 2615 1478 2627 χ

430 2641 538 2707 dolore
560 2637 657 2721 vidit,
690 2639 780 2724 cujus
801 2635 889 2701 modi
920 2659 1104 2724 progressus
1125 2639 1336 2728 Phidippides
1356 2641 1441 2706 filim
1476 2711 1477 2725 ,

429 2747 559 2813 Socrate
587 2742 761 2830 sapientiae
790 2749 998 2826 praeceptore
1027 2741 1152 2826 fecerit,
1180 2745 1370 2830 gravissime
1403 2745 1441 2809 de
1475 2773 1476 2821 ι

428 2851 561 2917 nubium
581 2845 716 2934 perfidia
737 2845 895 2930 queritur,
918 2843 1032 2930 quibus
1052 2853 1172 2911 temere
1196 2846 1329 2914 credens
1349 2856 1441 2914 tanta
1474 2865 1475 2918 l

429 2955 607 3020 calamitate
628 2951 761 3015 affectus
783 2949 831 3012 sit.
873 2947 952 3014 Illae
973 2958 1088 3032 autem,
1111 2971 1192 3036 quae
1214 2961 1308 3015 antea
1327 2923 1442 3017 Socra·
1473 2953 1474 3013 l

428 3060 469 3122 tis
491 3057 566 3122 deas
587 3054 672 3119 veris
694 3052 762 3116 deis
783 3051 966 3116 infestasse
989 3074 1057 3117 esse
1075 3053 1248 3138 finxerant,
1276 3053 1418 3120 subito
1409 3081 1441 3119 m
1472 3049 1473 3112 l

423 3165 543 3248 justam
564 3157 777 3224 conditionem
798 3155 933 3220 redeunt
954 3157 1083 3243 senique
1105 3104 1312 3245 respondent,
1336 3181 1372 3224 se
1397 3162 1441 3224 ita
1471 3135 1472 3208 l

351 3276 353 3281 '
429 3265 644 3344 consuevisse,
665 3269 708 3326 ut
738 3282 864 3347 semper
891 3262 918 3324 si
947 3284 1042 3347 quem
1064 3264 1097 3328 in
1120 3263 1204 3330 mala
1221 3263 1328 3328 studia
1350 3265 1440 3328 incli-
1470 3231 1471 3304 l

427 3377 555 3434 nantem
576 3365 731 3448 viderent,
752 3364 968 3430 confirmando
991 3387 1097 3430 errore
1120 3367 1313 3432 calamitates
1338 3369 1370 3432 ei
1394 3371 1439 3434 in·
1469 3319 1470 3400 l

426 3473 565 3555 ferrent,
594 3468 682 3544 ὅπως
702 3472 745 3533 ἄν
765 3468 835 3558 εἰδῇ
856 3473 927 3544 τοὺς
947 3469 1046 3543 θεοὺς
1066 3467 1252 3533 δεδοικέναι.
1296 3469 1332 3535 Si
1356 3474 1438 3560 ejus·

427 3576 500 3643 dem
521 3573 704 3642 comoediae
725 3596 852 3639 versum
876 3573 957 3638 1507
981 3597 1042 3660 sq:
1466 3599 1467 3690 p

553 3677 662 3753 δίωκε,
683 3675 794 3758 βάλλε,
817 3687 907 3751 παῖε,
931 3674 1060 3738 πολλῶν
1081 3675 1205 3750 οὕνεκα,
1311 3697 1323 3712 ·

554 3781 689 3863 μάλιστα
712 3777 742 3842 d⁰
761 3777 854 3852 εἰδώς
874 3777 946 3852 τούς
966 3777 1064 3852 θεοὺς
1085 3778 1128 3854 ὥς
1149 3777 1287 3864 ἠδίκουν,

426 3907 499 3951 cum
528 3884 669 3970 Borgkio
691 3884 842 3949 facientes
871 3903 936 3946 non
957 3880 1133 3970 Strepsiadi
1163 3882 1349 3965 tribuimus,
1382 3887 1436 3951 sed

426 3988 569 4056 Nubium
598 3986 709 4070 choro,
739 3986 782 4052 ad
816 4008 926 4050 veram
954 4009 1064 4072 earum
1092 3986 1306 4053 conditionem
1339 3990 1435 4054 etiam

425 4098 557 4187 propius
579 4093 768 4177 accedimus,
790 4116 888 4180 quum
909 4097 1101 4182 postremo
1091 4119 1141 4160 m
1146 4117 1199 4160 eos
1214 4094 1307 4180 ipsos,
1330 4117 1351 4158 a
1371 4100 1435 4184 qui-

424 4203 485 4268 bus
506 4221 539 4266 se
562 4197 638 4263 deas
660 4218 751 4262 crear
784 4197 928 4315 simulato
956 4220 1068 4286 passae
1090 4208 1178 4278 sunt,
1208 4204 1243 4262 ut
1268 4217 1435 4280 germano·

424 4327 495 4370 rum
518 4302 649 4369 deorum
678 4281 871 4365 auctoritatis
900 4301 1031 4369 ultrices
1055 4324 1089 4366 se
1118 4307 1311 4366 convertant
1367 4301 1433 4370 Sed
