3040 5284
599 547 617 610 7

86 722 203 778 tarent
223 709 367 800 quidem,
394 718 489 780 nimis
518 714 666 802 augendo
695 724 727 780 et
753 717 787 778 in
809 714 912 800 majus
935 713 1119 780 extollendo

87 816 248 882 ridiculas
288 817 439 883 redderet
472 829 505 883 et
542 819 655 883 festive
687 816 920 905 spectatoribus
951 816 1119 903 indicaret,
1239 817 1244 826 ’

87 943 190 1005 quarn
213 920 347 1006 indigna
367 921 422 986 illa
443 922 608 988 hominum
630 923 709 987 vitia
731 929 836 986 essent
857 929 967 985 sancta
984 918 1118 986 deorum

85 1024 233 1088 matina?

159 1127 224 1193 Sed
242 1129 311 1214 jam
333 1149 373 1191 ne
397 1149 443 1209 ea,
467 1148 548 1212 quae
569 1127 644 1224 ipsa¹
662 1126 928 1189 commentatione
951 1147 1117 1210 argumen—

86 1233 131 1295 tis
155 1225 346 1297 confirmare
367 1230 446 1294 mihi
468 1231 637 1317 proposui,
670 1229 856 1314 anticipem,
887 1229 1116 1294 transermdum

87 1343 139 1398 est
161 1335 205 1399 ad
226 1333 366 1418 singulas
392 1334 547 1407 rationes,
583 1331 625 1398 ad
653 1354 732 1418 quas
760 1335 903 1417 quaestio
932 1342 1041 1398 nostra
1069 1343 1117 1398 est

86 1437 278 1519 referenda,
301 1461 345 1502 ex
366 1437 479 1503 ordine
501 1435 757 1502 considerandas.

155 1541 194 1604 In
217 1542 318 1627 priori
339 1549 431 1627 parte
453 1539 636 1620 videamus,
658 1538 797 1625 primum
820 1537 936 1623 quibus
959 1538 1021 1604 diis
1043 1538 1115 1604 Ari-

86 1643 261 1728 stophanes
288 1646 487 1731 pepercerit,
524 1642 641 1707 deinde
673 1640 832 1728 quomodo
863 1641 941 1706 alios
972 1643 1113 1711 ludibrio

86 1746 257 1812 habuerit:
288 1748 321 1811 in
352 1747 453 1812 altera
487 1768 649 1832 exponere
684 1745 891 1827 tentabimus,
931 1767 1013 1830 quae
1043 1748 1113 1832 ipse
1210 1787 1213 1790 -

86 1849 247 1934 pecude
271 1849 332 1914 diis
354 1851 520 1936 cogitarit,
550 1871 646 1934 quam
668 1850 735 1912 vim
758 1847 801 1911 ad
822 1846 1025 1932 popularium
1048 1850 1113 1914 ani·

86 1975 157 2018 mos
179 1956 380 2036 exercuerit,
412 1951 572 2038 quomodo
604 1953 745 2038 potuerit
764 1949 854 2032 fieri,
887 1958 923 2014 ut
949 1973 1111 2036 nunquam
1167 2041 1173 2048 ἱ

85 2061 198 2146 γραφῇ
221 2055 369 2137 deodatae
388 2055 614 2142 implicaretur.

585 2262 612 2326 I.

151 2401 237 2469 Ante
260 2405 367 2468 omnia
388 2405 562 2470 tenendum
586 2415 633 2470 est
646 2387 894 2491 Aristophanem
909 2403 1054 2468 Atticum
1075 2426 1108 2467 se

85 2519 250 2595 praestare
284 2507 431 2573 omnibus
462 2511 496 2573 in
525 2510 623 2574 rebus
653 2518 685 2573 et
707 2531 789 2595 quae
812 2507 854 2572 ad
876 2506 1109 2594 rempublicam

86 2613 219 2700 ejusque
242 2611 457 2678 conditionem
485 2623 516 2678 et
548 2635 629 2699 quae
652 2612 695 2677 ad
716 2611 850 2677 deorum
872 2611 991 2676 cultum
1013 2611 1109 2696 perti·
1172 2627 1179 2636 ¹

85 2725 191 2781 neant
235 2715 341 2797 Quem
362 2717 522 2802 quomodo
545 2716 790 2780 Atheniensium
812 2716 926 2778 civitas
940 2714 1108 2783 constitue-

85 2821 143 2903 rit,
171 2815 236 2885 non
265 2820 408 2886 consulto
437 2830 470 2884 et
501 2822 655 2905 cogitate,
683 2820 740 2884 sed
768 2841 841 2884 eum
870 2819 926 2904 qui
955 2817 1039 2882 ultro
1073 2840 1107 2881 se

85 2925 235 3012 praebuit
267 2946 377 2988 rerum
410 2947 613 3011 progressum
635 2935 762 3007 secuta,
789 2921 897 3010 paullo
927 2924 1107 2986 accuratius

86 3029 305 3114 exquiramus,
334 3050 432 3115 quum
459 3027 520 3092 hac
542 3037 575 3092 in
597 3049 632 3092 re
653 3029 770 3115 prioris
792 3026 986 3113 quaestionis
1007 3023 1106 3088 cardo

84 3140 238 3196 versetur.
281 3131 400 3197 Procul
422 3129 520 3196 dubio
541 3131 702 3218 plerisque
736 3129 823 3194 hand
845 3129 965 3195 absona
986 3128 1106 3192 dixisse

84 3233 236 3336 videbor,
266 3236 293 3298 si
320 3234 357 3300 O.
379 3235 416 3300 F.
439 3233 702 3321 Hermannum⁶)
739 3241 865 3298 secutus
902 3231 1105 3313 contendero,

88 3389 350 3405 *aaa*

155 3472 181 3544 6)
200 3470 262 3526 Non
281 3487 409 3543 possum,
432 3471 498 3542 quin
523 3471 582 3541 ejus
607 3473 688 3526 rerba
706 3474 854 3528 vernaculo
874 3491 1000 3528 sermone
1019 3475 1103 3527 luen-

85 3563 157 3615 leots
175 3578 245 3633 quae
265 3561 318 3614 huo
344 3559 484 3630 pertinent
511 3560 628 3613 dicentia
657 3561 823 3614 adscribam:
863 3560 917 3615 »Es
936 3563 1008 3615 kann
1027 3561 1105 3614 nicht

85 3651 173 3720 gendg
192 3649 419 3719 hervorgehohen
439 3649 564 3713 werden,
593 3649 655 3702 dass
680 3650 730 3703 der
754 3629 927 3720 griechische
946 3648 1043 3704 Cultus
1062 3653 1102 3705 als

85 3736 193 3789 rotcher
226 3738 323 3791 acinon
350 3737 582 3808 urspriioglichen
610 3735 848 3792 Particularismus
873 3737 1006 3792 drtlicher
1035 3740 1103 3793 oder

84 3825 219 3894 sonsdger
238 3824 492 3896 Beschrtnlungsn
510 3827 557 3880 nie
579 3843 646 3896 gans
666 3827 781 3898 ariph,
806 3827 926 3884 relabor
944 3846 997 3881 nur
1016 3827 1101 3884 durch

84 3915 196 3986 positive
216 3921 328 3968 sursera
349 3914 495 3970 Umsundo
520 3917 548 3970 in
574 3917 622 3972 der
640 3917 692 3972 Art
713 3917 885 4006 aupgcdehnt
902 3918 1011 3982 werde,
1039 3918 1101 3971 dass

84 4003 220 4056 entreder
250 4000 452 4077 Aqswanderer
485 4005 530 4057 die
563 4004 734 4058 heimisehen
765 4003 863 4062 Gdtter
892 4005 964 4059 auch
995 4006 1024 4058 in
1057 4005 1100 4058 die

83 4090 196 4144 Fremdo
216 4089 382 4143 mitnahmen
402 4091 471 4144 oder
484 4091 529 4144 ein
539 4092 680 4146 einzelner
691 4090 807 4162 'lempst
820 4092 857 4145 im
870 4093 983 4148 weltere
1000 4089 1101 4145 Kreise

84 4177 203 4232 diesslhs
229 4176 437 4247 Ansrlrsnnung
462 4178 543 4243 send,
567 4181 611 4234 die
638 4181 694 4234 ihm
720 4179 869 4250 eigentlich
895 4181 950 4233 und
969 4179 1101 4235 znntchst

83 4283 202 4320 nervon
221 4265 313 4318 seincr
332 4261 544 4336 Ortsgemoindo
563 4265 707 4338 gcbtihrte.
735 4287 765 4308 ὁ
781 4299 827 4343 .—
848 4299 881 4308 -
903 4297 934 4308 -
956 4267 1013 4325 eie
1034 4287 1099 4323 ver-

84 4352 229 4407 schiednen
259 4349 357 4406 Gdtter
381 4353 528 4408 desselben
553 4354 660 4414 Laudes
693 4371 830 4425 genossen
855 4354 1016 4410 nieht'slle
1051 4355 1099 4426 dor
