3040 5284
21 767 206 832 vaticinia
227 763 388 850 accepisse
405 763 596 832 simulabant
613 766 744 852 ejusque
757 765 894 852 insignia
911 784 1064 849 usurpare

19 870 220 950 audebant.
263 865 429 933 Hierocles
451 868 590 955 exempli
610 871 714 955 gratia
736 870 823 953 (Pac.
834 867 931 956 1044)
953 865 1063 952 δάφνῃ
1097 849 1105 866 ’

19 973 307 1058 ἓσεεφανωμένος
328 970 362 1034 in
383 991 510 1034 scenam
531 971 648 1057 prodit.
691 972 763 1054 Quo
783 974 937 1060 majorem
955 979 1063 1034 autem

19 1082 113 1144 vim
143 1078 187 1146 ad
212 1076 339 1142 intimae
367 1072 470 1160 plebis
499 1077 619 1141 animos
653 1078 860 1161 exercebant,
893 1098 936 1159 eo
960 1075 1062 1159 magis

20 1184 107 1247 viri
130 1181 228 1269 probi
249 1177 405 1244 delendae
430 1200 539 1244 eorum
560 1181 742 1268 auctoritati
770 1204 828 1245 sua
857 1188 968 1267 sponte
998 1186 1060 1242 stu·

24 1286 186 1368 debant,
208 1306 305 1371 quum
326 1283 463 1347 civitatis
484 1283 588 1370 leges,
623 1307 704 1371 quae
731 1284 869 1349 humana
891 1282 1019 1348 oracula
1040 1305 1060 1346 a

25 1391 166 1454 divinis
188 1388 370 1452 discernere
391 1407 455 1452 non
476 1397 623 1474 poterant
634 1438 643 1472 ‚
665 1389 713 1452 rei
734 1397 800 1453 tam
822 1385 930 1453 subtili
952 1409 1059 1452 occur-

23 1513 116 1557 rere
141 1513 207 1559 non
227 1488 392 1556 auderent.
444 1489 490 1554 Ut
510 1499 616 1582 autem
636 1489 771 1556 Athenis
793 1490 959 1560 comoedia
980 1512 1058 1554 sem-

24 1618 103 1684 per
124 1594 193 1660 fere
214 1593 358 1680 privatae
369 1593 513 1678 justitiae
525 1616 656 1658 munere
672 1594 879 1680 fungebatur,
900 1595 946 1659 ita
962 1593 1058 1656 otiam

24 1699 217 1766 mendaces
245 1705 334 1762 vates
361 1720 382 1762 a
411 1683 539 1764 comicis
567 1700 669 1786 poetis
700 1708 790 1765 tanta
822 1699 1058 1764 cavillationum

26 1801 379 1884 mole-obruebantur,
400 1809 437 1866 ut
457 1824 521 1866 non
540 1791 729 1886 ludibrium,
751 1803 810 1868 sed
824 1824 926 1890 paene
947 1801 1056 1867 odium

19 1910 123 2004 jocis
142 1909 245 1971 inesse
267 1903 439 1969 videretur.
483 1905 614 1992 Optima
635 1907 752 1989 forma,
774 1930 837 1994 qua
858 1907 899 1972 ad
920 1904 1057 1972 irriden-

30 2013 102 2077 dos
130 2019 163 2075 et
190 2004 346 2094 χρησμοὺς
376 2016 408 2072 et
436 2007 669 2092 χρησμολόγους
700 2011 748 2075 uti
773 2017 936 2097 poterant,
966 2013 1056 2097 quasi

27 2115 127 2181 ultro
155 2135 190 2178 se
209 2111 370 2198 praebuit:
400 2121 447 2175 est
476 2111 566 2178 illud«
585 2113 890 2180 transferendorum.
905 2136 1055 2179 versuum

30 2205 75 2285 in
98 2219 241 2284 omnium
263 2215 370 2281 oribus
391 2219 586 2282 versantium
615 2240 734 2304 genus,
767 2218 853 2305 quod
883 2216 1054 2305 παρῳδίαν

29 2321 206 2412 appellare
229 2319 428 2405 grammatici
449 2319 550 2384 solent
563 2318 618 2405 4¹).
660 2321 701 2385 In
717 2319 939 2410 Aristophanis
955 2320 1052 2386 solius

31 2423 215 2492 comoediis
236 2423 367 2507 triginta
395 2422 463 2486 fere
485 2423 547 2488 looi
569 2432 710 2508 exstant,
737 2427 772 2488 in
801 2425 915 2511 quibus
943 2427 1053 2490 vatici-

5 2563 6 2570 *
29 2536 95 2599 nia
118 2539 150 2596 et
170 2527 298 2596 oracula
317 2517 435 2614 partim
449 2549 499 2599 ¹ex
520 2528 590 2594 aliis
612 2537 819 2613 commutata,
849 2531 965 2616 partim
995 2553 1052 2596 suo

4 2639 7 2676 ³
23 2643 110 2728 jure
131 2637 261 2700 inventa
281 2633 410 2720 profert
453 2633 544 2714 Quae
565 2633 618 2698 hic
640 2633 789 2720 colligere
811 2643 843 2699 et
863 2657 922 2721 pro
942 2633 1051 2698 discri-

4 2757 8 2784 l
34 2747 126 2812 mine
153 2741 248 2808 modo
277 2740 439 2827 proposito
468 2739 650 2825 disjungere
685 2740 817 2805 fortasse
848 2763 912 2806 non
940 2739 1050 2804 inutile

30 2852 118 2933 erit,
140 2868 237 2934 quum
259 2841 424 2930 permultis
444 2841 515 2906 aliis
543 2843 577 2906 in
602 2843 839 2929 quaestionibus
865 2841 1050 2929 Aristopha-

5 2963 8 2996 ‘
30 2957 89 3020 nis
109 2945 320 3036 χρησμολογία
341 2968 405 3011 non
425 2945 543 3011 nullius
563 2948 611 3040 sit
624 2949 784 3012 momenti

83 3056 122 3122 A.
146 3050 285 3131 Oracula
296 3099 304 3133 ,
327 3072 409 3136 quae
431 3071 473 3114 ex
494 3050 564 3116 aliis
585 3053 791 3117 commutavit
810 3049 1048 3138 Aristophanes.

4 3235 8 3266 ι
126 3158 153 3222 1.
176 3153 387 3221 Oraculorum
409 3162 584 3239 certamen,
615 3172 677 3244 quo
707 3153 802 3220 modo
825 3153 918 3238 Cleo,
952 3152 1047 3219 modo

164 3259 340 3346 botrrlarius
361 3263 395 3326 in
415 3285 505 3327 suam
525 3273 650 3350 partem
670 3263 828 3351 Populum
848 3263 974 3329 trahere
997 3287 1048 3330 oo·
1163 3307 1165 3312 -

163 3373 271 3428 natur:
303 3362 356 3428 ifle
387 3387 407 3428 a
427 3364 564 3449 Bacide,
592 3366 645 3430 hio
677 3390 697 3450 a
731 3366 869 3433 Glanide
896 3368 1048 3432 vaticinia

142 3467 223 3538 'sua
242 3468 386 3556 profecta
407 3491 476 3534 esse
497 3470 667 3536 contendit

166 3597 194 3640 a
216 3574 324 3659 equitt
345 3572 423 3636 962:
445 3564 537 3655 Cleo,
563 3581 599 3638 ut
619 3572 769 3638 botularii
795 3573 991 3640 voluntatem
1011 3576 1046 3638 in

205 3679 417 3766 suspicionem
425 3689 527 3761 vocet,
540 3678 698 3766 Populum
711 3679 757 3742 ita
770 3678 956 3766 alloquitur:
972 3677 1045 3743 aar

4 3775 5 3792 ¹
122 3783 125 3798 '
205 3781 265 3845 dola
285 3779 383 3869 τούτῳ
404 3783 507 3870 πίθῃ,
535 3781 685 3864 μολγὸν
705 3784 901 3861 γενέσθαι
928 3782 1042 3846 δεῖσε.

206 3886 261 3952 Ad
281 3908 376 3973 quem
396 3885 501 3953 locum
522 3896 667 3975 spectare
686 3886 814 3954 videtur
833 3887 912 3954 ΡοΠ.
919 3889 962 3974 Χ,
972 3889 1042 3954 187:

200 3989 320 4086 μολχός
353 3989 371 4054 ὅ
405 3990 510 4072 βόειος
538 3989 636 4067 ἀσκός
664 4030 705 4040 -
737 3996 791 4056 καὶ
816 3991 1042 4080 Ἀρισωφοένης

534 4097 673 4184 χρησμόν
692 4120 762 4162 τινα
783 4096 904 4172 παίζει·

230 4195 290 4280 Μή
295 4217 350 4278 μοι
356 4195 550 4283 Ἀθηναίους
562 4203 653 4276 αἴνει,
667 4200 779 4284 patrol
786 4199 847 4287 γὰρ
858 4200 1039 4290 tramae).

104 4339 134 4393 41
165 4335 200 4391 cl.
219 4334 316 4392 floret.
337 4335 394 4392 Sat.
414 4336 435 4402 1,
450 4339 475 4401 9,
494 4339 608 4394 31-34.

105 4411 138 4464 la
166 4408 201 4464 ol.
220 4407 346 4475 letech,
365 4407 497 4480 Aglaoph.
516 4407 549 4474 ll,
570 4413 632 4465 966.
