3040 5284
843 591 885 657 42

362 779 444 843 quae
465 757 693 846 Aristophanes
722 762 756 824 in
786 760 957 826 comoediis
984 761 1025 825 de
1054 762 1214 847 mysteriis
1243 760 1370 844 dixerit,

361 860 442 927 adeo
473 865 507 927 in
535 865 676 930 minutiis
704 873 827 930 tantum
855 875 948 930 extra
976 887 1093 930 arcana
1113 874 1286 952 praecepta
1306 867 1371 930 sitis

362 968 497 1049 versari,
527 977 563 1032 ut
584 968 669 1033 nullo
690 969 786 1034 modo
815 991 885 1034 eam
907 969 948 1035 ob
971 992 1098 1035 causam
1120 971 1292 1057 impietatis
1315 972 1373 1034 cri·

362 1091 436 1134 men
456 1079 569 1158 poetae
601 1073 736 1159 impingi
767 1075 914 1159 potuerit
964 1071 1073 1155 Quum
1093 1073 1154 1139 illis
1176 1074 1372 1161 temporibus

362 1195 471 1240 omnes
492 1175 559 1240 fere
580 1174 790 1242 Athenienses
812 1179 910 1242 sacris
932 1177 1104 1262 eleusiniis,
1127 1179 1167 1243 de
1190 1180 1306 1266 quibus
1327 1203 1373 1245 so

360 1277 400 1344 lis
421 1279 473 1344 hic
495 1282 613 1365 agitur,
636 1283 756 1347 initiari
776 1282 927 1366 solerent,
950 1285 1047 1348 etiam
1068 1281 1315 1371 Aristophanem
1339 1286 1372 1348 in

360 1386 568 1467 μεμυημένων
591 1409 723 1452 numero
744 1387 849 1472 fuisse,
871 1389 1029 1475 conjicere
1050 1387 1134 1453 licet.
1178 1389 1249 1470 Quo
1270 1391 1372 1476 magis

361 1501 467 1558 autem
489 1515 606 1558 arcana
627 1493 771 1560 doctrina
791 1496 931 1561 imbutus
953 1505 1033 1579 erat,
1056 1519 1093 1561 eo
1116 1495 1239 1561 facilius
1258 1498 1372 1578 omnia,

362 1597 444 1683 duae
467 1597 623 1664 sodalium
643 1599 765 1665 animos
787 1601 999 1684 offenderent,
1021 1601 1141 1665 evitare
1162 1602 1272 1688 potuit.
1311 1602 1374 1666 Ae

361 1701 504 1790 schylum
526 1704 606 1769 nihil
627 1705 714 1770 aliud
735 1729 831 1792 quam
852 1729 1040 1772 arcanorum
1063 1704 1262 1771 decretorum
1284 1708 1373 1792 igno·

361 1809 465 1872 rantia
495 1811 603 1898 γραφῇ
632 1811 777 1892 ασεβείας
804 1811 974 1898 implicuit:
1006 1809 1176 1876 verisimile
1206 1819 1266 1894 est,
1300 1833 1373 1876 eum

361 1913 523 2000 quoddam
544 1937 620 1980 suae
641 1917 739 2003 ipsius
760 1919 933 2006 supientiae
954 1924 1178 2004 praeceptum,
1201 1914 1288 2002 quod
1309 1914 1372 1980 for-

360 2019 440 2082 tuito
457 2019 527 2105 jam
548 2020 696 2083 antesin
718 2042 809 2084 sacra
829 2041 946 2084 arcuna
967 2027 1131 2105 receptum
1153 2025 1231 2100 erat,
1251 2016 1374 2082 audito-

361 2120 451 2185 ribus
471 2122 672 2207 proposuisse
695 2132 727 2187 et
747 2124 793 2187 ita
813 2124 847 2186 in
868 2122 1127 2209 pervulgatorum
1148 2122 1373 2208 mysteriorum

363 2225 578 2312 suspicionem⁸
594 2227 733 2290 venisse:
768 2234 890 2290 constat
912 2227 996 2289 enim
1011 2224 1076 2313 83),λ
1087 2223 1215 2312 judices
1237 2223 1292 2288 illo
1313 2223 1373 2286 cri-

362 2330 447 2394 mine
469 2329 575 2394 statim
598 2353 670 2396 eum
692 2330 874 2413 absolvisse,
898 2352 995 2422 quum
1017 2353 1050 2394 se
1074 2330 1201 2395 omnino
1213 2329 1371 2393 initiatum

361 2455 426 2498 non
448 2455 515 2497 esse
537 2434 759 2520 comprobaret
772 2433 826 2521 8t).
854 2433 926 2515 Quo
948 2437 1074 2520 aegrius
1096 2433 1179 2498 ferre
1200 2451 1258 2498 nos
1281 2453 1371 2519 opor-

432 2705 477 2779 83)
497 2702 623 2761 Clemens
643 2706 721 2762 Alex.
743 2705 842 2763 Strom.
862 2706 895 2772 ll,
914 2715 975 2778 pag.
994 2706 1060 2761 387:
1083 2705 1213 2778 Αἰσχύλος
1230 2704 1260 2757 τὰ
1277 2703 1372 2776 posssi-

362 2805 411 2864 psu'
426 2797 469 2848 ἐπὶ
486 2797 578 2862 σκηνῆς
595 2797 702 2858 ἐξειπών
726 2800 755 2851 ἐν
781 2797 861 2868 ἆρείῳ
884 2795 963 2868 πάγῳ
981 2795 1084 2864 κριθεὶς
1101 2791 1182 2855 οὕτως
1199 2793 1298 2864 ἀφείθη
1317 2795 1372 2846 ἐπι-

362 2883 450 2946 δείξας
466 2884 504 2957 μὴ
520 2888 700 2958 μεμυημένον.
720 2885 755 2938 cl.
774 2884 889 2940 Aristot.
909 2883 964 2937 eth.
985 2881 1032 2947 ΙΙΙ,
1054 2883 1081 2936 l:
1109 2886 1167 2936 οἷον
1183 2883 1299 2953 λέγοντές
1317 2900 1371 2950 φα-

287 2977 296 2984 “
362 2987 405 3026 σιν
422 2975 538 3027 ἐκπεσεῖν
556 2974 679 3039 αὐτούςῆ
698 2973 873 3036 coincidisse,
899 2969 936 3027 ὅτι
954 2971 1089 3044 unicoque
1107 2966 1151 3036 ἦν,
1170 2967 1257 3041 ὥσπερ
1275 2969 1372 3041 Αἰσχύ-

360 3064 407 3123 λος
423 3063 452 3116 τὰ
468 3043 588 3134 puericie.
626 3059 677 3117 Cui
695 3062 735 3116 rei
754 3061 800 3114 illa
818 3059 950 3131 Aeschyli
968 3059 1091 3130 precatio
1111 3058 1179 3130 (ren.
1198 3059 1252 3114 886
1271 3058 1336 3132 sq.):

563 3151 677 3223 Δήμηπρ
694 3151 709 3216 ἢ
727 3152 854 3220 θρέψασα
870 3148 913 3215 τὴν
934 3147 998 3220 ἐμὴν
1016 3148 1111 3218 φρένα,

563 3242 633 3294 εἶναί
649 3259 684 3311 με
700 3239 751 3292 τῶν
768 3239 822 3292 σῶν
839 3237 915 3300 ἄξιον
932 3239 1088 3310 μυστηρίων.

322 3369 325 3376 .
362 3343 515 3400 repugnare
532 3326 653 3381 ridetur:
681 3345 765 3400 quare
792 3321 839 3381 a¹nt
855 3325 1022 3398 Aeschylum
1041 3313 1138 3397 poste'a
1155 3325 1290 3380 initiatum
1310 3343 1371 3380 esse

363 3416 534 3472 statuendum
552 3427 599 3472 aut
615 3415 792 3489 Aristophani
811 3419 934 3490 poeticus
954 3434 1032 3494 error
1050 3415 1209 3471 tribuendus
1230 3425 1282 3470 est.

433 3507 478 3580 84)
496 3505 627 3562 Aelianus
647 3505 721 3580 (Ver.
732 3506 804 3562 Hist.
820 3505 853 3573 V,
865 3508 907 3581 16)
926 3516 1025 3572 narrat,
1045 3508 1073 3559 in
1083 3504 1250 3576 Aeschylum
1260 3513 1372 3576 propter

363 3597 529 3666 tragoediam
547 3598 664 3670 aliquam
682 3598 828 3669 impietatis
848 3597 1007 3651 arcessitum
1033 3594 1163 3666 populum
1182 3595 1280 3648 iratum
1299 3593 1372 3664 lapi·

364 3687 413 3740 des
432 3685 570 3756 conjicere
595 3689 715 3742 voluisse
742 3705 828 3760 caque
852 3696 955 3741 tautum
973 3702 1004 3740 re
1022 3682 1146 3755 periculo
1167 3692 1290 3754 ereptum
1310 3701 1372 3738 esse

364 3782 486 3848 poetam,
512 3779 584 3850 quod
612 3777 670 3848 ejus
690 3779 774 3832 irater
793 3777 913 3830 Aminios
933 3773 1073 3829 bruchium
1097 3773 1233 3844 inpugna
1254 3771 1374 3831 Salami-

362 3869 409 3922 nia
435 3867 586 3922 mutilatum
611 3869 713 3939 populo
739 3867 900 3922 ostenderit.
945 3861 1046 3918 Errare
1072 3862 1307 3928 mihi-videntur,v
1327 3863 1374 3934 qui

364 3959 434 4013 hanc
452 3977 510 4013 rem
529 3958 562 4012 ad
581 3959 695 4012 eandem
714 3977 794 4032 quam
812 3975 893 4030 supra
913 3954 1120 4010 commemoravi
1140 3971 1249 4008 causam
1268 3953 1373 4008 reterre

363 4051 470 4104 volunt:
496 4049 542 4103 illa
567 4049 642 4121 justo
658 4048 763 4120 judicio
788 4057 848 4102 acta
868 4055 922 4100 est:
950 4045 979 4098 in
998 4043 1050 4097 hac
1068 4051 1158 4098 antem
1176 4043 1235 4114 ipse
1255 4041 1373 4114 populus

363 4139 529 4194 tumultuose
544 4137 591 4210 jus
609 4138 723 4210 petiisse
741 4137 857 4194 ridetur.
885 4133 1067 4200 Quamobrem
1085 4132 1193 4187 Aeliani
1212 4132 1372 4186 narratiun-

364 4228 452 4282 culam
470 4229 610 4283 retulerim
631 4237 677 4283 rut
695 4228 727 4282 ad
746 4227 831 4290 illud,
854 4227 927 4298 quod
944 4222 1098 4295 Aeschylus
1116 4221 1219 4295 primus
1237 4221 1375 4276 Eumeni-

364 4318 427 4372 dum
446 4319 565 4372 crinibus
593 4335 695 4389 angues
714 4319 849 4372 insereret
874 4318 954 4388 (teste
974 4314 1106 4369 Pausania
1125 4313 1146 4378 1,
1164 4315 1208 4377 28,
1228 4313 1254 4386 6)
1273 4321 1319 4367 aut
1340 4315 1376 4366 ad

299 4405 303 4411 ”
365 4425 424 4462 eam
443 4407 573 4473 tabulam,
592 4409 620 4462 in
638 4427 691 4481 quu
710 4407 907 4477 Aegyptiorum
925 4405 1099 4476 theogonium
1118 4411 1228 4458 secutus
1246 4400 1375 4458 Cererem
