3040 5284
753 501 795 566 29

268 665 338 730 bris
358 673 449 751 gutta
469 667 504 732 in
524 667 624 755 ipsius
638 647 738 755 ⁶caput
758 649 918 734 incidente
948 665 1095 752 διοσημία
1124 669 1210 736 facta
1230 672 1279 754 sit,

180 824 184 834 .
268 769 455 835 concionem
477 771 590 837 haberi
610 779 712 855 vetat,
734 769 996 859 colligerencbis
1009 769 1104 857 licet,
1127 773 1279 848 ‚homines

269 863 388 938 astutos
408 883 443 939 ut
461 875 596 958 Romae,
624 876 671 940 ita
691 875 788 940 etiam
808 874 943 940 Athenis
972 873 1069 941 rebus
1099 875 1215 943 divinis
1235 879 1279 944 ad
1331 831 1345 955 ,l

267 977 497 1064 rempublicam
534 1000 591 1044 suo
625 978 757 1044 arbitrio
795 977 1079 1046 administrandam
1117 979 1278 1058 interdum
1333 980 1339 1061 ξ’

266 1080 382 1147 abusos
404 1105 488 1165 esse,
521 1085 639 1170 quippe
669 1084 815 1170 quirem
835 1083 974 1170 aliquam
1002 1083 1101 1149 oculis
1132 1085 1214 1150 forte
1243 1108 1277 1150 se
1335 1068 1337 1083 ¹

265 1185 472 1272 praebentem
494 1185 661 1271 διοσημίαν
682 1209 750 1252 esse
773 1186 1001 1251 contenderent
1028 1188 1278 1276 concionemque

266 1289 383 1356 dimitti
413 1291 465 1357 vel
493 1292 594 1358 simile
625 1291 702 1378 quid
719 1290 881 1378 juberent.
934 1289 1027 1355 Idem
1055 1291 1276 1380 prodigiorum

144 1469 155 1495 ⁸
201 1455 203 1460 ,
265 1393 354 1459 furor
373 1394 480 1482 lepide
498 1394 651 1460 irridetur
680 1396 715 1458 in
743 1395 850 1480 equitt.
884 1393 955 1458 639.
986 1416 1095 1482 vespp.
1121 1395 1186 1460 260
1207 1419 1274 1484 sqq.

266 1497 357 1562 1084.
383 1498 460 1586 plut.
486 1499 554 1583 82,
584 1498 831 1564 luculentissime
864 1506 973 1562 autem
1000 1497 1035 1564 in
1063 1497 1183 1564 Avium
1212 1524 1274 1568 vso.

264 1601 327 1666 719
342 1624 428 1689 sqq.,
450 1603 507 1668 ubi
527 1603 658 1668 volucer
673 1602 787 1668 chorus
801 1602 961 1687 suiregni
974 1602 1140 1668 commoda
1152 1614 1274 1692 specta-

262 1705 385 1772 toribus
405 1705 499 1770 latius
521 1715 553 1770 et
574 1707 673 1772 fusius
695 1727 858 1792 exponens
879 1705 958 1770 haec
981 1703 1079 1769 dicit:

192 1843 195 1854 ·
305 1809 394 1894 ὄρνιν
406 1832 438 1872 ce
453 1807 588 1891 νομίζεοε
604 1807 707 1872 πάνθ’
722 1807 842 1890 ὅσαπερ
859 1811 931 1893 περὶ
945 1808 1095 1889 μανοοίας
1109 1805 1272 1892 διακρίνει·

306 1913 396 1999 φήμη
417 1911 443 1994 γ’
464 1910 541 1995 ὑμῖν
563 1911 749 1997 donaciani,
778 1909 924 1995 πταρμόν
944 1907 968 1973 c'
990 1909 1111 1996 ὄρνιθα
1139 1910 1272 1990 καλοῖτο,

301 2015 460 2099 ξύμβολον
469 2016 567 2102 ὄρνιν,
575 2014 791 2100 pertoliatur,
800 2011 971 2096 θεράποντ’
979 2013 1078 2098 ὄρνιν,
1087 2014 1164 2078 ὄνον
1172 2015 1280 2101 ὄρνιν.

303 2120 345 2208 cip
368 2122 409 2185 οιί
431 2123 579 2206 φανεροῖς
599 2117 687 2204 ἦμείς
713 2117 789 2201 ὑμῖν
810 2118 904 2201 ἐσμὲν
923 2127 1068 2202 μαντεῖος
1085 2117 1271 2200 {indilom-

325 2225 391 2290 Sed
413 2225 547 2294 aliorum
568 2247 694 2312 quoqne
716 2224 945 2311 superstitionis
966 2246 1129 2310 generum,
1150 2227 1184 2290 in
1205 2228 1272 2314 qui·

259 2330 319 2396 bus
339 2329 582 2396 Atheniensium
597 2331 695 2394 animi
710 2330 929 2413 versabantur,
947 2327 1178 2416 Aristophanes
1194 2353 1271 2396 non·

258 2434 346 2500 nulla
373 2434 521 2500 traducit.
573 2433 727 2515 Quamvis
756 2433 810 2498 ille
841 2433 983 2520 equitum
1009 2431 1107 2498 locus
1127 2433 1180 2518 (vs.
1203 2434 1270 2524 83),

259 2539 316 2604 ubi
335 2538 445 2603 Nicias
466 2539 677 2602 inveteratum
699 2557 840 2601 errorem
861 2544 986 2600 secutus
1008 2535 1051 2600 ad
1068 2535 1186 2602 malam
1197 2557 1269 2604 cou-

165 2673 182 2718 ,·
259 2643 412 2708 ditionem
445 2639 659 2726 effugiendam
694 2660 846 2704 conservo
881 2638 1082 2704 commendat
1119 2662 1152 2703 se
1182 2642 1268 2728 ipsos

258 2747 419 2832 sanguinis
440 2745 558 2808 taurini
578 2765 702 2807 veneno
717 2741 762 2830 64)
783 2743 984 2828 intercipere,
1000 2743 1063 2808 huc
1080 2745 1195 2810 referri
1214 2769 1269 2812 ne-

259 2860 362 2938 queat,
385 2871 482 2936 quum
504 2857 598 2935 petita
618 2849 696 2934 ipse,
717 2855 754 2910 ut
775 2868 883 2912 ornnes
904 2855 1037 2929 veteres,
1059 2846 1156 2912 falsae
1177 2850 1268 2915 istius

258 2955 414 3042 opinionis
435 2953 596 3041 particeps
617 2951 713 3016 fuisse
734 2949 900 3034 videatur,
928 2958 1036 3014 tamen
1063 2973 1126 3016 non
1153 2951 1268 3021 desunt

256 3063 311 3131 alii
331 3063 394 3130 loci
414 3061 477 3127 huc
498 3062 702 3148 pertinentes.
751 3057 791 3122 ln
810 3056 886 3122 nub.
913 3079 959 3122 ve.
982 3057 1044 3122 749
1067 3057 1267 3148 Strepsiades

256 3167 299 3232 ad
321 3164 503 3232 evitandam
525 3165 707 3249 νουμηνίαν,
730 3185 793 3248 qua
806 3185 918 3227 usuras
931 3161 1011 3228 solvi
1022 3161 1265 3234 Atheniensium

255 3271 342 3356 leges
368 3271 547 3356 jusserant,
582 3265 768 3332 thessalicae
798 3281 911 3350 megae
946 3265 1066 3332 auxilio
1084 3266 1128 3347 ⁶⁵)
1157 3268 1266 3336 lunam

255 3373 344 3452 coelo
367 3373 554 3459 depromere
576 3371 638 3436 sibi
659 3371 815 3458 proponit.
870 3369 945 3435 Alia
975 3373 1066 3438 anilis
1083 3373 1266 3441 'Athenien-

254 3480 335 3544 sium
357 3475 553 3564 superstitio,
582 3477 637 3563 qui
658 3484 792 3540 mortem
814 3476 844 3538 ci
866 3497 933 3539 esse
954 3476 1135 3542 obeundam
1156 3481 1265 3546 crede·

326 3691 370 3764 64)
390 3689 425 3745 cl.
444 3687 549 3744 Herod.
568 3687 616 3754 lll,
632 3688 673 3743 15.
693 3687 807 3742 Diodcr.
826 3685 873 3740 lV.
886 3687 930 3740 50.
948 3683 996 3751 ΧΙ,
1012 3687 1057 3742 58.
1075 3683 1264 3764 (wesseling.)

253 3777 327 3834 Ctes.
346 3777 449 3834 Persic.
469 3777 506 3832 X.
535 3776 624 3832 Strah.
644 3775 665 3842 l,
684 3795 745 3850 pag.
768 3779 818 3832 164
837 3774 1018 3848 (Siebenlas).
1047 3774 1107 3830 V'al.
1133 3775 1223 3832 Flacc.
1240 3777 1262 3842 l,

255 3869 315 3923 118.
334 3866 407 3921 Plut.
427 3866 460 3920 de
480 3875 597 3938 superat.
617 3863 692 3918 Vlll.
711 3861 782 3918 Plut.
794 3862 926 3918 Themist.
944 3861 1040 3918 XXXI
1059 3865 1096 3938 (et
1109 3883 1178 3938 quae
1194 3865 1263 3920 Sirr-

252 3957 324 4010 tenis
343 3955 499 4027 annotarit).
536 3953 621 4016 Marx,
640 3953 728 4008 Lehre
747 3971 800 4008 von
820 3954 872 4007 deu
892 3950 994 4006 Gilten.
1015 3951 1035 4017 l,
1053 3955 1079 4016 2,
1098 3971 1124 4024 p.
1148 3955 1199 4010 168
1207 3965 1260 4010 etc.

324 4043 368 4116 65)
387 4043 511 4108 Quantae
529 4045 600 4098 vires
619 4063 734 4099 arcanae
753 4045 824 4116 sagis
845 4043 996 4118 thessalicis
1015 4061 1029 4096 a
1048 4044 1187 4098 veteribus
1207 4047 1262 4100 tri-
1294 4030 1296 4038 '

251 4131 422 4194 humectat,
447 4149 481 4185 ex
506 4131 540 4184 iis
566 4151 635 4204 quos
660 4134 823 4205 interpretes
852 4150 912 4186 curn
937 4132 955 4185 l.
975 4133 1000 4185 l..
1020 4131 1140 4187 conferri
1161 4133 1261 4206 jubent

250 4223 337 4285 locis,
356 4219 473 4288 intelligi
492 4228 597 4290 potest:
628 4219 696 4276 Plut.
724 4220 806 4292 Gorg.
829 4223 891 4276 513.
911 4238 935 4274 a.
972 4218 1042 4275 Hor.
1061 4219 1151 4296 Epod.
1171 4222 1259 4292 XVll,

250 4313 285 4366 77
305 4328 363 4382 sqq.
383 4306 434 4362 Or.
453 4305 520 4361 Met
540 4307 599 4374 Vll,
617 4313 681 4366 207.
699 4310 775 4381 Virg.
795 4311 847 4365 ecl.
867 4307 914 4375 lll,
935 4312 978 4364 69.
