3040 5284
848 523 888 588 12

360 717 538 782 cognomen
558 696 728 778 ¹vindicari
758 696 909 784 possem).
975 695 1056 762 Utut
1091 704 1154 778 est,
1188 694 1386 780 singularem

358 801 503 885 proiecto
525 799 629 864 locum
651 801 684 863 in
706 799 950 866 Atheniensium
972 801 1060 864 cultu
1076 799 1286 864 duonumina
1307 818 1387 882 gen·

360 901 430 965 tilia
452 901 626 966 obtinuisse
647 923 741 966 nemo
771 901 917 987 negabit,
948 923 1046 989 quum
1074 903 1202 966 omnino
1238 901 1385 966 Graecos

359 1025 398 1068 eo
420 1004 516 1069 fluisse
538 1007 643 1071 animo
665 1005 849 1089 videamus,
874 1014 910 1070 ut
938 1003 1037 1078 θεοὺς
1062 1004 1230 1091 πατρῴους
1259 1023 1384 1070 eorum-

359 1129 421 1195 que
443 1108 563 1174 cultnm
583 1109 683 1176 multo
715 1118 950 1198 praeponerent
981 1107 1280 1174 aliorum'deorum
1310 1105 1384 1170 reli·
1491 1157 1492 1162 ,

358 1213 454 1297 gioni.
499 1213 562 1278 Oui
583 1215 706 1294 animo,
740 1217 865 1280 etiamsi
886 1232 938 1279 res
960 1215 1031 1300 ipsa
1051 1231 1115 1278 nou
1137 1232 1215 1276 vera
1237 1213 1299 1294 sit,
1330 1231 1382 1274 ar-

359 1319 513 1400 gumento
536 1323 591 1398 est,
615 1317 701 1403 quod
711 1317 866 1384 Aelianus
884 1318 923 1396 ¹⁹)
937 1326 1056 1399 narrat,
1080 1316 1223 1382 Graecos
1233 1314 1382 1380 Aeneam

358 1437 455 1506 quam
486 1421 629 1485 maximo
656 1420 777 1487 honore
806 1422 950 1486 affecisse
979 1422 1073 1506 eique
1103 1437 1187 1485 nova
1217 1415 1384 1484 domicilia

358 1524 568 1607 concessisse,
592 1523 678 1609 quod
700 1525 824 1589 omissis
847 1523 917 1590 aliis
938 1517 1122 1588 numimbus
1144 1521 1221 1587 deos
1243 1520 1381 1607 gentilos

360 1624 478 1714 Trojae
501 1627 650 1694 incendio
672 1629 835 1716 eripuerit

425 1731 629 1798 Eodemt
574 1737 629 1798 aut
630 1751 680 1798 em
702 1733 822 1799 honore
829 1755 924 1819 ,quo
946 1731 1062 1819 Apollo
1085 1739 1117 1795 et
1144 1731 1293 1795 Minerva
1321 1751 1381 1815 pu-

357 1831 441 1900 blice
461 1835 597 1903 Athenis
618 1839 822 1923 fruebantur,
846 1841 943 1904 etiam
964 1836 1238 1957 Aristophanem
1227 1849 1262 1900 m
1283 1852 1383 1900 scena

359 1956 413 2002 eos
435 1939 594 2025 affecisse,
616 1946 777 2008 neminem
798 1890 911 2030 liugero
931 1947 1052 2031 potest,
1080 1943 1135 2029 qui
1156 1940 1263 2029 paullo
1285 1958 1380 2004 aucu-

280 2111 285 2124 ,
357 2043 458 2106 ratius
481 2044 549 2128 ejus
571 2045 752 2109 comoedias
773 2035 918 2132 perlegit.
965 2047 1139 2132 Nunquam
1161 2066 1215 2110 eos
1236 2044 1324 2130 ipsos
1343 2044 1379 2107 in

356 2164 485 2208 scenam
495 2145 665 2230 produxit:
689 2147 723 2210 in
741 2145 891 2210 illaeuim
913 2147 1080 2212 comoedia
1096 2146 1272 2233 deperdita
1295 2161 1378 2232 quae

350 2242 443 2332 Ὧραι
464 2247 618 2335 inscripta
641 2258 703 2332 est,
737 2249 919 2313 Minervam
941 2249 1104 2314 Horarum
1134 2249 1249 2314 ducem
1271 2249 1378 2329 iuuisse,

356 2351 472 2437 conjici
493 2359 630 2435 mutum,
659 2353 760 2418 firmis
789 2363 897 2418 autem
926 2343 1131 2440 argumentis
1151 2353 1283 2440 probari
1312 2367 1377 2417 non

357 2463 476 2541 potest:
508 2477 701 2542 quamquam
722 2457 749 2521 si
779 2471 895 2520 revera
921 2457 967 2520 ite
989 2463 1082 2519 esset
1101 2455 1143 2538 (et
1164 2456 1297 2520 sortasse
1319 2455 1375 2541 qui

356 2557 418 2623 hoc
440 2565 582 2623 statuunt
603 2568 692 2624 recta
715 2563 848 2624 utunttm
868 2560 1019 2640 ratione),
1047 2560 1156 2622 nescio
1190 2578 1232 2622 an
1255 2559 1376 2644 dignio-

356 2684 408 2727 res
429 2671 537 2783 partes
558 2663 700 2731 tribuere
730 2665 872 2752 potuerit
901 2665 997 2752 poe‘ta
1023 2681 1147 2726 summo
1175 2661 1375 2728 Athenarum

355 2767 494 2852 numini,
527 2787 624 2855 quam
652 2789 744 2834 sacra
766 2771 898 2856 antiqua
921 2764 1124 2834 defendenda
1152 2763 1306 2892 adversus
1327 2782 1375 2830 re

354 2871 489 2958 ligiones
511 2871 715 2936 adventiciae.

420 2975 581 3059 Perpauci
602 2982 726 3037 tantum
749 2979 877 3036 exstant
897 2971 1006 3052 loci,
997 2993 1032 3033 m
1053 2969 1168 3054 quibus
1188 2967 1375 3055 Aristopha-

355 3100 412 3142 nes
433 3099 584 3162 personas
606 3079 639 3140 in
661 3097 790 3139 scenam
803 3073 975 3160 productas
992 3070 1191 3135 deMiner‘va
1211 3070 1263 3132 vel
1275 3071 1375 3156 Apol-

354 3181 418 3244 line
439 3179 604 3264 loquentes
625 3179 717 3263 fingit
739 3187 771 3243 et
793 3175 942 3262 equidem
965 3195 1074 3258 omnes
1091 3161 1300 3262 jocos,'quos
1323 3193 1374 3236 eo-

354 3305 426 3348 rum
439 3282 597 3368 dignitati
622 3283 727 3346 miuus
749 3291 845 3369 aptos
869 3279 1038 3367 protulisse
1067 3275 1211 3358 videtin,
1244 3275 1290 3340 ita
1320 3297 1374 3338 ex-

355 3387 468 3474 plicari
498 3409 591 3473 posse
621 3384 748 3470 censeo,
783 3394 819 3450 ut
848 3405 1051 3470 nequaquam
1087 3383 1178 3450 θεῶν
1216 3377 1375 3464 πατρῴων

354 3491 537 3556 auctoritati
557 3491 760 3568 obtrectant„
788 3489 828 3553 In
849 3487 1023 3576 Equitibus
1036 3486 1079 3568 ²⁰)
1101 3485 1216 3568 viginti
1231 3505 1291 3569 per
1304 3504 1375 3548 ver-

354 3617 407 3659 sus
438 3603 534 3681 poeta
564 3593 755 3660 facetissime
790 3591 873 3656 ludit
904 3593 938 3654 iti
968 3583 1134 3654 Minervae
1164 3585 1313 3670 epithetis
1343 3595 1375 3650 et

354 3698 556 3778 muneribus,
580 3698 696 3784 quibus
717 3697 808 3780 fimgi
838 3688 1045 3758 credebatur:
1073 3685 1131 3755 sed
1158 3687 1222 3753 illis
1250 3689 1374 3754 facetiis

354 3853 635 3874 L—-u———-

427 3965 473 4037 18)
489 3965 523 4019 cl.
549 3963 619 4018 Plat.
646 3965 680 4016 de
708 3977 768 4034 rep.
796 3976 858 4032 pag.
878 3962 940 4014 427.
960 3957 1005 4022 C.,
1031 3958 1080 4012 sbi
1102 3971 1133 4009 re
1156 3973 1224 4010 vcra
1242 3955 1372 4010 Ἀπόλλων

354 4056 490 4128 apellatur
507 4056 617 4127 πάτριος
634 4055 705 4114 θεός.

416 4146 468 4218 19)
487 4146 553 4200 Ver.
572 4144 646 4200 llist.
666 4142 713 4208 lll,
732 4145 781 4196 22.
810 4140 849 4196 irs
871 4140 941 4194 ἒάλια
969 4140 996 4192 τὸ
1007 4138 1100 4200 Ἴλιον,
1120 4151 1155 4174 ⁴·-
1174 4151 1209 4174 M*
1234 4136 1373 4195 &Atreias

352 4235 411 4296 ιαῦς
428 4235 566 4306 πατρῴους
584 4235 664 4296 θεοὺς
681 4233 814 4302 βαστάσας
832 4235 925 4302 ἔφερεν
944 4227 1079 4300 ὑπεριδών·
1097 4223 1149 4280 mv
1166 4226 1262 4286 ἄλλων.

424 4325 469 4397 20)
492 4325 560 4379 1168
578 4341 636 4395 sqq.
