3040 5284
909 453 929 518 6

476 623 601 710 Quodsi
623 624 710 708 dicit,
731 625 939 713 praecipuam
961 647 1100 709 causam,
1124 647 1182 692 our
1200 625 1463 715 Aristophanes

412 729 543 816 impune
565 736 692 794 etcum
714 728 878 816 voluptate
901 728 1279 816 quadam-spectatorum
1300 753 1461 818 carpere

412 830 489 896 deos
510 832 544 894 in
565 851 661 894 scena
682 839 715 896 et
734 832 918 918 turpissima
940 851 1086 918 quaeque
1106 831 1146 896 iis
1159 831 1313 918 affingere
1323 845 1461 920 potue·

411 932 469 1014 rit,
491 933 647 998 contineri
669 933 703 998 in
724 933 919 1020 vulgaribus,
941 941 1105 1020 quactum
1118 933 1299 1002 obtinerent
1315 938 1357 1004 de
1373 939 1459 1004 diis

412 1057 586 1122 eorumque
603 1035 785 1102 conditione
798 1046 831 1102 et
845 1025 1002 1124 potestate
1018 1035 1231 1124 opinionibus,
1253 1039 1458 1106 cavendum

413 1148 469 1224 est,
489 1162 531 1206 ne
553 1142 698 1228 speciosa
719 1142 768 1206 roi
789 1140 1016 1229 probabilitate
1040 1140 1247 1224 decipiamur.
1291 1141 1327 1208 Si
1347 1145 1458 1208 enim
1495 1143 1497 1216 l

410 1263 447 1306 re
468 1264 547 1306 vera
568 1265 690 1328 omnes,
712 1245 768 1332 qui
788 1253 857 1310 tum
878 1244 912 1308 in
932 1251 1035 1308 cavea
1056 1241 1286 1328 consedenmt,
1308 1245 1458 1330 Jovem‚
1496 1227 1497 1234 ¹

412 1345 618 1431 Mercmium,
640 1349 835 1434 Neptunum,
856 1341 1038 1413 Mineruam
1058 1347 1153 1434 longe
1174 1349 1289 1435 majori
1302 1351 1456 1436 quidem

411 1458 568 1536 potestate
590 1459 623 1515 et
643 1453 826 1538 augustiore
846 1453 968 1539 specie,
1001 1474 1098 1539 quam
1118 1452 1310 1518 mortalibus
1328 1453 1456 1522 inesse

412 1554 506 1638 solet,
526 1556 704 1642 praeditos,
734 1555 793 1625 sed
820 1557 855 1621 in
886 1555 957 1620 aliis
984 1556 1133 1621 omnibus
1152 1557 1250 1642 rebus
1269 1556 1456 1626 hominum

412 1667 545 1726 naturae
578 1660 755 1726 simillimos
788 1681 857 1725 esse
879 1659 1104 1743 credidenmt,
1131 1661 1250 1748 quippe
1272 1663 1327 1749 qui
1349 1662 1454 1730 fame

414 1875 446 1930 et
467 1868 617 1934 mulieres
638 1869 810 1954 femenhrr,
830 1868 947 1956 jurgiis
967 1875 1000 1932 et
1022 1867 1175 1933 conviciis
1197 1869 1314 1934 mutuis
1335 1869 1452 1936 laces-

414 1978 575 2052 serentur,
597 1975 740 2037 versutia
758 1972 953 2054 Promethei,
976 1969 1107 2058 Sisyphi
1128 1970 1326 2058 aliorumque
1348 1972 1449 2040 deci-

414 2078 575 2157 perentur,
597 2093 702 2136 nonne
724 2092 854 2135 necesse
877 2081 954 2155 erat,
976 2071 1226 2159 Aristophanem
1247 2074 1347 2141 multo
1369 2100 1448 2144 ma·

413 2173 463 2258 gis
484 2172 646 2238 offendere
667 2181 883 2260 spectatorum
904 2174 1054 2257 animos,
1071 2197 1136 2240 non
1165 2177 1267 2247 solum
1293 2178 1445 2248 ludibrio

413 2276 585 2344 habentem
606 2280 801 2344 inveteratas
823 2285 855 2342 et
876 2300 968 2342 caras
991 2277 1031 2343 de
1055 2279 1116 2344 diis
1138 2282 1356 2369 opinionibus,
1377 2287 1444 2353 sed

415 2382 511 2446 etiam
532 2381 721 2466 addentem,
743 2404 826 2469 quae
847 2381 900 2446 vel
921 2381 1083 2447 hominem
1104 2383 1290 2472 foedarent,
1316 2388 1446 2475 fingen-

414 2493 480 2548 tem
501 2484 665 2551 Bacchum
688 2485 729 2551 ob
760 2506 914 2572 pavorem
935 2486 1035 2571 ipsius
1064 2507 1180 2572 corpus
1207 2489 1441 2576 inquinantem,

414 2589 589 2656 Herculem
602 2592 713 2656 voraci
726 2581 832 2656 ventri
847 2589 954 2654 omnia
967 2595 1219 2675 postponentem,
1238 2592 1441 2658 Mercurium

414 2697 498 2760 fame
519 2703 672 2760 vexatum
697 2703 729 2758 et
750 2693 793 2758 ad
814 2691 959 2758 infimum
980 2690 1131 2778 quodque
1152 2713 1267 2755 munus
1287 2702 1440 2778 paratum

417 2835 472 2881 ——,
500 2821 605 2865 nonne
634 2799 765 2864 neccsse
798 2807 879 2879 erat,
908 2797 1008 2862 multo
1030 2797 1133 2882 magis
1154 2794 1316 2881 indignari
1336 2817 1440 2883 popu-

350 2929 352 2936 ·
415 2899 495 2984 lum,
526 2899 613 2987 quod
635 2922 691 2983 ea,
723 2922 806 2986 quae
827 2921 906 2963 vera
927 2899 1074 2985 putabat,
1101 2899 1292 2983 turpissimis
1311 2900 1440 2965 1111111

310 3019 317 3032 “
415 3003 474 3068 luti
492 3003 640 3069 sordibus
662 3001 815 3088 adspersa
835 3000 962 3078 videret
967 3051 976 3084 ,
999 3023 1096 3089 quam
1107 3001 1193 3088 quod
1207 2999 1441 3089 Aristophanes

416 3105 605 3171 multifarias
634 3113 801 3193 poetarum
831 3105 990 3188 fictiones,
1021 3104 1149 3191 quibus·
1166 3102 1311 3191 plerique
1339 3104 1440 3169 fidem

417 3230 482 3274 non
502 3208 696 3292 tribuebant,
719 3208 843 3274 etiamsi
865 3207 906 3272 de
932 3208 994 3273 diis
1015 3208 1094 3295 ipsis
1113 3207 1269 3294 negandis
1289 3230 1331 3272 ne
1353 3210 1441 3294 cogi·

418 3447 503 3502 liaris
522 3449 556 3503 ad
574 3447 679 3503 inferos
699 3449 852 3516 descendit,
868 3451 915 3522 qni
935 3450 1068 3521 tragicum
1086 3453 1197 3520 potitam
1210 3457 1273 3506 Ι1111
1294 3447 1440 3503 excellen-

419 3549 473 3594 tem
501 3539 529 3592 in
559 3547 660 3594 terram
687 3549 813 3606 revocet,
844 3540 913 3595 baec
937 3541 1012 3595 fictio
1038 3539 1147 3610 poetica
1172 3538 1282 3591 minime
1308 3538 1438 3610 conjungi

417 3637 510 3702 potest
528 3631 588 3682 culn
609 3628 663 3682 alio
681 3625 785 3682 Bacchi
805 3638 917 3683 matrem
944 3627 1084 3681 reducturi
1104 3627 1252 3690 descensu,
1277 3643 1358 3698 quern
1377 3627 1439 3680 sor-

419 3726 492 3773 tasse
517 3717 674 3786 tragoediae
699 3725 839 3770 auctorem
864 3723 1025 3785 argumento
1052 3712 1105 3766 sibi
1131 3713 1281 3783 sumpsisse
1300 3731 1437 3767 nonnemo

419 3806 553 3878 conjecit:
573 3807 621 3861 ille
641 3807 714 3860 enim
734 3804 858 3860 Bacchus
878 3815 906 3861 et
923 3804 1050 3861 Bacchus
1069 3805 1182 3859 dramati
1196 3803 1352 3875 praelectus
1372 3805 1438 3858 dili-

419 3895 578 3966 gentisslme
596 3902 660 3949 sunt
676 3893 861 3964 disjungendi.
900 3892 929 3948 Si
949 3895 977 3947 in
997 3893 1074 3966 pacis
1093 3911 1147 3948 111.
1166 3894 1284 3966 lsstlsqq.
1313 3892 1437 3964 Trygaeo

419 3993 560 4049 narratur,
586 3999 681 4036 omnes
708 3983 775 4037 deos
801 3981 920 4056 Olympo
940 3985 1088 4054 emigrasse
1107 3982 1331 4056 Mercuriumque
1350 3984 1436 4040 solum

419 4076 453 4129 ad
471 4073 673 4147 supellectilem
691 4073 898 4128 custodiendam
915 4075 1076 4148 reliquisse,
1095 4091 1151 4128 non
1171 4075 1267 4144 tragici
1288 4075 1436 4146 cujusdam,

418 4165 468 4218 sod
485 4162 602 4219 Homeri
619 4163 740 4218 namatio
758 4162 846 4236 (Iliad.
865 4163 888 4217 l.
906 4164 1060 4236 tae-425)
1079 4165 1170 4236 lepide
1196 4164 1388 4238 detorquetur,
1413 4165 1437 4217 si

417 4255 535 4334 quidem·
547 4271 577 4322 re
595 4271 659 4321 vera
677 4254 803 4326 nappdta
822 4254 895 4320 inest
913 4253 978 4310 huic
995 4254 1067 4311 loco.
