3040 5284
843 499 882 564 16

353 666 511 734 Xanthias
533 687 644 730 servus
666 665 756 751 qussi
778 667 882 752 ipsum
902 664 1085 752 Apollinem
1110 666 1240 732 invocat
1268 669 1383 734 adver-

353 793 405 836 sus
430 767 594 834 oraculum
616 768 646 832 ei
667 766 823 834 tributum
846 777 879 834 et
899 769 945 834 ita
961 769 1073 856 jocose
1094 768 1233 852 indicat,
1263 779 1385 856 quanta

352 874 432 938 tides
454 870 668 938 Philocleonis
697 869 806 938 verbis
834 870 985 938 habenda
1012 873 1068 938 sit:
1099 872 1126 936 si
1157 872 1289 959 quidem
1315 897 1383 940 non

352 977 395 1044 ari
416 973 594 1062 periculum
616 972 744 1040 oraculo
766 975 834 1040 seni
860 973 966 1060 judici
1001 974 1219 1060 praedictum,
1254 979 1313 1044 sed
1344 979 1381 1042 id

352 1079 438 1168 quod
460 1078 689 1144 sententiamm
710 1077 810 1142 nexui
832 1085 865 1142 et
893 1077 1051 1164 imprimis
1073 1079 1236 1146 Xanthiae
1268 1083 1377 1148 animo

353 1182 542 1270 φιληλιαστῇ
567 1180 682 1248 infesto
715 1181 818 1266 magis
846 1180 1035 1268 respondet,
1064 1181 1108 1248 ad
1139 1185 1238 1270 ipsius
1272 1209 1384 1252 narra-

352 1291 448 1357 tionis
468 1295 616 1352 nsturam
638 1283 725 1350 illam
747 1284 1012 1350 exclamationem
1034 1285 1211 1352 referimus
1253 1321 1256 1326 ·

418 1391 453 1456 Si
479 1397 587 1456 antem
608 1385 859 1474 Aristophanem
879 1388 1053 1476 gentilibus
1075 1391 1199 1475 patriae
1222 1391 1284 1456 diis
1300 1391 1378 1456 ‹lili-

351 1495 534 1584 gentissime
556 1492 737 1579 pepercisse
763 1491 927 1575 videmus,
961 1492 1093 1558 minime
1121 1493 1197 1560 inde
1228 1493 1378 1578 colligen-

352 1608 429 1674 dum
451 1613 511 1689 est,
544 1625 618 1668 eum
650 1622 760 1666 omnes
780 1599 920 1688 reliquos
943 1599 1021 1666 deos
1042 1605 1224 1688 promiscue
1244 1627 1376 1692 prorsus

352 1710 465 1776 eodem
487 1705 582 1774 modo
603 1703 744 1770 ludibrio
766 1703 930 1770 habuisse:
958 1706 1079 1790 potins,
1110 1707 1286 1793 sipenitus
1306 1729 1375 1770 rem

352 1817 528 1894 intuemur,
560 1833 603 1875 ex
625 1807 772 1875 omnibus
793 1808 872 1875 locis
893 1806 956 1874 huc
978 1808 1156 1874 referendis
1178 1811 1375 1896 intelligatur

352 1937 482 1983 necesse
511 1925 576 1996 est,
606 1915 711 1999 ipsum
741 1923 870 1999 poetam
901 1913 1043 1978 consulto
1076 1921 1109 1977 et
1135 1915 1275 1999 cogitate
1298 1914 1375 1978 deos

354 2020 556 2107 disjunxisse,
577 2037 713 2100 quorum
734 2015 814 2080 alios
834 2038 908 2081 cum
930 2017 1106 2081 acerbitate
1127 2017 1275 2103 quadarn,
1298 2017 1376 2081 alios

352 2124 467 2188 leniter
487 2128 610 2183 tantum
615 2166 624 2199 ,
646 2117 725 2181 alios
740 2117 808 2180 sine
823 2117 887 2181 ullo
903 2117 1034 2182 consilio
1045 2121 1249 2204 perstringat
1292 2118 1375 2182 Mihi

352 2247 463 2291 comm
484 2221 644 2302 locorum,
665 2219 699 2283 in
721 2219 837 2305 quibus
858 2241 973 2283 revera
995 2219 1178 2286 divinarum
1203 2245 1312 2287 rerum
1334 2223 1375 2286 ir-

352 2329 429 2392 risio
451 2329 547 2406 inest,
569 2324 632 2388 tria
653 2343 773 2408 genera
793 2343 862 2386 esse
885 2320 1058 2405 videntur,
1090 2345 1172 2410 quae
1188 2326 1259 2411 jam
1281 2346 1375 2389 accu-

353 2432 453 2496 ratius
475 2428 678 2494 considerare
700 2435 843 2504 nostmm
867 2435 922 2492 est
965 2427 1005 2492 In
1026 2428 1123 2514 primi
1144 2431 1272 2514 generis
1293 2430 1371 2494 locis

292 2525 297 2603 l
353 2531 393 2596 de
426 2529 584 2596 industria
612 2531 646 2594 in
675 2528 842 2595 nonnullos
877 2528 967 2612 deos,
1008 2529 1194 2616 religiones,
1230 2533 1399 2597 instituta·

352 2635 508 2700 acerrime
529 2633 708 2717 invehitur,
729 2632 765 2700 id
786 2653 900 2718 agens,
921 2640 957 2700 ut
978 2655 1043 2698 non
1063 2632 1160 2698 modo
1181 2633 1321 2698 ridicula
1333 2655 1372 2697 ea

351 2740 486 2824 reddat,
519 2740 696 2805 sedetiam
725 2747 882 2826 perpetua
908 2737 1109 2804 casillatione
1144 2759 1255 2802 eornm
1286 2736 1376 2802 vani

350 2853 450 2908 tatem
472 2843 597 2908 civibus
618 2842 819 2906 manifestam
841 2841 948 2904 faciat.
1000 2840 1108 2924 Atque
1139 2841 1167 2902 si
1182 2840 1307 2924 justum
1331 2837 1373 2901 de

333 2937 336 2942 ¹
351 2947 575 3034 Aristophanis
595 2944 739 3008 moribus
754 2942 915 3028 judicium
930 2941 1015 3003 ferre
1029 2940 1185 3018 volumus,
1207 2939 1288 3002 illud
1300 2961 1374 3004 eum

351 3050 464 3114 fecisse
485 3048 579 3112 nobis
601 3042 798 3108 credendum
820 3050 868 3105 est
889 3062 953 3104 non
969 3049 1090 3102 temere
1110 3039 1256 3122 gavisum
1277 3040 1375 3102 frivo-

350 3151 390 3216 lis
411 3149 557 3236 quamvis
574 3146 757 3236 justissimis
780 3143 950 3222 conviciis,
972 3139 1031 3204 sed
1052 3146 1235 3226 sperantem
1257 3139 1325 3203 fore
1337 3147 1372 3201 ut

351 3255 438 3317 cives
460 3253 509 3316 sui
532 3248 634 3314 cultus
655 3255 762 3333 partes
783 3261 900 3330 graeco
922 3243 1051 3328 ingenio
1074 3240 1223 3327 indignas
1239 3263 1286 3324 ea,
1309 3263 1373 3328 qua

352 3357 493 3438 deceat„
503 3351 738 3438 contemptione
761 3347 903 3414 afficiant
916 3357 948 3412 et
966 3347 1099 3413 fortasse
1115 3345 1281 3434 paullatim
1299 3345 1374 3412 abo-

350 3459 445 3524 leant.
488 3455 611 3537 Quidni
633 3455 719 3520 enim
738 3451 924 3536 credamus,
946 3460 1091 3540 potitam,
1114 3452 1169 3538 qui
1194 3450 1374 3516 comoedia-

352 3585 424 3628 rum
446 3560 597 3649 plurimas
620 3582 659 3626 ea
680 3567 787 3624 mente
808 3559 844 3624 in
865 3579 995 3622 scenam
1016 3555 1184 3643 produxit,
1216 3563 1252 3618 ut
1273 3577 1372 3641 popu-

351 3666 447 3750 lares,
470 3687 551 3752 quae
573 3667 666 3751 ipsis,
689 3685 770 3748 quae
791 3663 849 3726 toti
871 3659 1069 3747 reipublicae
1092 3659 1283 3722 conveniant
1298 3657 1373 3721 edo·

275 3761 281 3766 ’
352 3767 491 3850 ceat²⁸)‚
515 3767 612 3830 etiam
632 3765 676 3830 ad
696 3767 825 3850 piorum
847 3761 1011 3826 hominum
1033 3762 1155 3826 animos
1185 3768 1272 3824 recte
1294 3769 1371 3824 tem-

422 3945 467 4019 28)
489 3944 570 4010 Quod
589 3941 733 3997 consilium
751 3939 950 4011 Aristophanes
969 3939 1030 4010 ipse
1050 3937 1195 4008 profitetur
1209 3936 1238 3990 in
1251 3936 1371 3992 Aeliam.

351 4053 405 4090 vsa.
426 4033 583 4089 ses-6³5:
1180 4029 1186 4040 '

441 4124 522 4193 φησὶν
539 4122 568 4176 δ’
589 4125 661 4176 εἶναι
672 4121 779 4174 πολλῶν
790 4119 906 4191 ἇγαθων
923 4117 998 4178 ἄξιος
1014 4113 1082 4186 ὑμῖν
1100 4113 1115 4166 ὃ
1134 4113 1254 4177 ποιητής,

439 4213 544 4272 παύσας
567 4212 639 4284 ὑμᾶς
663 4214 788 4273 ξενικοῖσι
818 4208 909 4280 λόγοις
935 4207 972 4279 μὴ
996 4209 1058 4261 λίαν
1085 4202 1279 4264 ἐξαπατᾶσθαι,

440 4301 503 4374 μήθ’
525 4297 637 4366 ἥδεσθαι
654 4301 845 4373 θωπευομένος
860 4297 921 4371 μήτ’
942 4301 1012 4352 εἶναι
1026 4293 1231 4367 χαυνοπολίτας.
