3040 5284
317 740 404 805 lestis
423 741 515 825 regni
535 737 704 827 ἐπίκληρος
724 751 866 808 vocatur.
917 743 956 807 In
986 741 1130 829 ejusdem
1153 741 1342 809 comoediae

318 843 464 909 versibus
486 843 549 909 826
571 867 640 931 sqq.
667 845 827 932 quomodo
850 835 1150 934 jocum'Minervae
1172 848 1342 912 'sanctitate

317 945 484 1032 indignum
511 949 656 1013 invenire
689 951 829 1036 potuerit
856 949 1057 1036 Btttigerus,
1088 953 1152 1014 non
1180 949 1340 1034 intelligo:

315 1049 491 1137 Euelpides
513 1051 662 1116 comitem
675 1050 909 1118 Pisthetaerum
926 1053 1109 1138 interrogat,
1132 1073 1227 1138 quem
1243 1051 1342 1116 deum

317 1175 421 1218 novae
442 1153 531 1219 urbis
552 1155 684 1220 tutelam
698 1154 845 1239 reddere,
868 1156 921 1220 oui
940 1156 1064 1220 numini
1083 1154 1213 1241 peplum
1227 1162 1342 1218 texere

317 1255 425 1320 velint
475 1256 549 1337 Quo
576 1259 610 1321 in
631 1257 701 1322 looo
736 1258 816 1322 nihil
849 1259 950 1325 inesse
972 1257 1061 1323 uliud
1091 1279 1186 1342 quam
1214 1257 1341 1342 patriae

317 1358 510 1424 conditionis
531 1358 678 1422 festivam
711 1360 746 1422 in
772 1381 891 1424 novum
920 1381 1029 1424 rerum
1058 1367 1174 1426 statum
1208 1357 1342 1422 transla-

317 1463 438 1526 tionem
475 1483 569 1526 nemo
600 1483 665 1526 non
694 1461 792 1526 videt
852 1461 962 1542 Quum
990 1462 1044 1528 ille
1073 1461 1281 1550 respondeat:
1310 1463 1341 1523 τί

317 1561 406 1628 δὀὐκ
423 1562 606 1648 Ἀθηναίαν
634 1563 737 1649 ἐῷμεν
760 1561 921 1644 παλαίδας
949 1568 984 1632 in
1014 1566 1220 1653 sequentibus
1241 1566 1340 1629 versi-

316 1669 376 1734 bus
398 1669 555 1733 sententia
574 1667 752 1756 profertur,
781 1668 945 1734 civitatem
966 1693 1032 1738 non
1063 1671 1146 1737 bene
1176 1691 1245 1736 esse
1265 1689 1340 1732 oon·

316 1774 460 1837 stitutam
471 1822 480 1857 ,
502 1773 537 1836 in
559 1795 622 1860 qua

487 1875 583 1960 θεός,
605 1877 682 1962 γυνή
703 1885 867 1957 γεγονυῖα,
891 1875 1078 1942 πανοπλίαν

445 1977 542 2060 torpa?
563 1977 695 2056 ἔχουσα,
722 1979 917 2066 Κλεισθένης
939 1981 975 2044 δὲ
994 1978 1135 2066 κερκίδα.

319 2079 365 2144 At
386 2079 438 2142 hie
463 2080 558 2164 jocus
587 2079 667 2143 nihil
695 2079 808 2156 habet,
839 2083 925 2168 quod
954 2083 1116 2148 offendere
1144 2083 1245 2168 possit
1270 2081 1338 2166 pios

315 2181 561 2256 Atheniensium
583 2183 720 2246 animos:
749 2183 939 2250 tribuendus
968 2187 1054 2249 enirn
1089 2193 1137 2249 est
1158 2207 1223 2249 non
1243 2180 1338 2248 Euel-

317 2285 402 2371 pidi,
431 2294 467 2349 ut
487 2285 558 2348 fieri
582 2284 677 2368 solet,
707 2286 764 2349 sed
787 2286 991 2373 upupae),
1013 2289 1066 2354 cui
1087 2287 1168 2351 illud
1190 2286 1337 2350 enuncia-

315 2397 394 2470 tum,
417 2409 479 2472 quo
502 2396 550 2451 est
570 2389 604 2451 in
616 2385 743 2454 Avibus
763 2390 878 2472 animo,
900 2392 1041 2464 maxime
1063 2391 1226 2456 convenit:
1249 2407 1339 2476 prae·

267 2521 273 2528 ·
303 2500 407 2554 terea
418 2500 506 2554 certo
519 2493 636 2555 certius
648 2501 703 2576 est,
724 2491 973 2580 Aristophanem
988 2495 1041 2560 hio
1063 2505 1099 2560 ut
1110 2496 1237 2581 saepius
1249 2493 1339 2580 prius

317 2595 493 2658 sententiae
504 2594 684 2660 membrum
695 2595 817 2664 ideireo
828 2607 951 2664 tantum
962 2599 1140 2686 protulisse,
1156 2619 1219 2684 qu‚o
1236 2595 1340 2680 magis
1372 2595 1380 2612 “

319 2697 518 2785 oppositione
547 2699 683 2764 alterum
712 2703 916 2767 enunciatum
944 2701 1339 2784 elucescat,quod1nore

317 2803 408 2868 solito
427 2803 621 2869 ‘muliebrem
644 2803 986 2869 Clisthenisnaturam
1007 2805 1125 2868 aeriter
1145 2802 1339 2888 perstringit.

381 2905 484 2969 Simili
505 2903 602 2969 modo
624 2905 740 2988 reliqui
761 2905 840 2984 loni,
862 2905 897 2968 in
918 2905 1034 2988 quibus
1056 2904 1097 2966 de
1119 2903 1268 2966 Minerva
1286 2901 1339 2965 vel

316 3007 466 3092 Apolline
488 3009 609 3091 agitur,
631 2993 677 3068 ita
698 3006 855 3090 explicari
877 3013 1023 3090 possunt,
1045 3013 1213 3066 uteorum
1236 3003 1338 3086 digni-

315 3120 364 3173 tas
386 3111 511 3192 integra
532 3114 668 3170 maneat.
710 3105 953 3190 Aristophanes,
985 3103 1040 3188 qui
1061 3101 1338 3166 vehementissime

314 3210 477 3274 invehitur
499 3211 533 3272 in
555 3209 662 3272 omnia
692 3206 756 3270 alia
785 3207 913 3271 oracula
940 3214 973 3270 et
993 3207 1162 3290 vaticinia,
1191 3215 1227 3272 ut
1254 3206 1338 3270 infra

314 3313 493 3378 accuratius
519 3311 715 3393 videbimus,
737 3331 899 3396 nunquam
923 3309 1075 3396 Delphici
1097 3311 1179 3374 vatis
1201 3311 1337 3376 auetori-

239 3483 243 3499 ι
314 3424 412 3480 tatem
435 3414 631 3503 aggreditur.
682 3414 721 3479 In
742 3413 837 3479 Pluto
859 3412 1017 3502 Apollinis
1041 3413 1221 3497 oraculum,
1251 3412 1337 3500 quod

314 3521 355 3584 ab
394 3519 483 3584 initio
520 3516 580 3605 (vs.
610 3516 644 3603 8)
683 3517 780 3584 Cario
824 3540 936 3582 servus
972 3518 1131 3582 immerito
1168 3519 1339 3603 vituperat,

315 3620 442 3688 fabulae
465 3645 638 3710 progressu
661 3631 692 3686 et
715 3623 805 3686 exitu
825 3643 939 3684 verum
969 3629 1002 3683 et
1031 3619 1158 3683 salubre
1191 3641 1226 3683 se
1247 3643 1338 3706 prae·

257 3789 260 3797 ,
314 3726 378 3792 bet.
421 3727 460 3789 In
483 3725 693 3790 celeberrimo
715 3723 769 3787 illo
792 3721 993 3787 oraculorum
1016 3722 1189 3784 certamine
1218 3720 1337 3807 (equitt.

254 3889 256 3896 ,
315 3830 377 3893 961
409 3832 503 3914 sqq.)‚
537 3826 624 3911 quod
654 3825 733 3890 Cleo
768 3846 841 3888 oum
872 3822 1030 3888 botulario
1063 3823 1337 3910 impudentissime

315 3935 392 4016 init,
414 3930 574 3996 mendacii
597 3928 753 4013 flagitium
775 3949 839 3992 non
870 3929 904 3991 in
935 3926 1047 4008 deum,
1082 3948 1178 4014 quem
1209 3928 1337 3993 oracula
1426 3969 1431 3978 ·

288 4037 453 4102 edidisse
476 4036 521 4100 illi
544 4034 688 4099 homines
712 4033 923 4116 mentiuntur,
953 4031 1065 4095 sedin
1087 4040 1177 4096 vates
1207 4029 1336 4095 menda-

387 4273 482 4346 23)1d
507 4273 580 4345 quod
606 4269 743 4324 Ernestus
768 4288 782 4322 a
808 4267 929 4325 Leutsoh
955 4269 1080 4339 pluribus
1109 4269 1281 4340 augumeutis
1309 4269 1337 4320 in

318 4361 463 4432 Philologo
484 4359 643 4432 propediem
663 4357 849 4459 confirmabitL
