<?xml version="1.0" encoding="UTF-8"?>
<!DOCTYPE html PUBLIC "-//W3C//DTD XHTML 1.0 Transitional//EN"
    "http://www.w3.org/TR/xhtml1/DTD/xhtml1-transitional.dtd">
<html xmlns="http://www.w3.org/1999/xhtml" xml:lang="en" lang="en">
 <head>
  <title>
</title>
<meta http-equiv="Content-Type" content="text/html;charset=utf-8" />
  <meta name='ocr-system' content='tesseract 3.04.00' />
  <meta name='ocr-capabilities' content='ocr_page ocr_carea ocr_par ocr_line ocrx_word'/>
</head>
<body>
  <div class='ocr_page' id='page_1' title='image "./deveterecomoedi00behagoog_0038.png"; bbox 0 0 3040 5284; ppageno 0'>
   <div class='ocr_carea' id='block_1_1' title="bbox 17 673 1179 874">
    <p class='ocr_par' dir='ltr' id='par_1_1' title="bbox 17 673 1179 888">
     <span class='ocr_line' id='line_1_1' title="bbox 17 673 1179 776; baseline -0.004 -30"><span class='ocrx_word' id='word_1_1' title='bbox 17 747 23 776; x_wconf 26' lang='lat' dir='ltr'><strong>,F</strong></span> <span class='ocrx_word' id='word_1_2' title='bbox 82 683 115 744; x_wconf 93' lang='lat' dir='ltr'><strong>in</strong></span> <span class='ocrx_word' id='word_1_3' title='bbox 149 681 262 746; x_wconf 85' lang='lat' dir='ltr'><strong>eadem</strong></span> <span class='ocrx_word' id='word_1_4' title='bbox 291 673 400 748; x_wconf 70' lang='lat' dir='ltr'><strong>fabrile</strong></span> <span class='ocrx_word' id='word_1_5' title='bbox 429 683 508 748; x_wconf 88' lang='lat' dir='ltr'><strong>alius</strong></span> <span class='ocrx_word' id='word_1_6' title='bbox 536 685 618 748; x_wconf 88' lang='lat' dir='ltr'><strong>inest</strong></span> <span class='ocrx_word' id='word_1_7' title='bbox 649 683 749 766; x_wconf 93' lang='lat' dir='ltr'><strong>locus,</strong></span> <span class='ocrx_word' id='word_1_8' title='bbox 781 684 835 770; x_wconf 91' lang='lat' dir='ltr'><strong>qui</strong></span> <span class='ocrx_word' id='word_1_9' title='bbox 865 685 1009 770; x_wconf 87' lang='lat' dir='ltr'><strong>quamvis</strong></span> <span class='ocrx_word' id='word_1_10' title='bbox 1037 707 1095 771; x_wconf 89' lang='lat' dir='ltr'><strong>pro</strong></span> <span class='ocrx_word' id='word_1_11' title='bbox 1176 718 1179 725; x_wconf 90' lang='lat'>-</span> 
     </span>
     <span class='ocr_line' id='line_1_2' title="bbox 82 785 1095 874; baseline -0.013 -21.844"><span class='ocrx_word' id='word_1_12' title='bbox 82 785 183 869; x_wconf 90' lang='lat' dir='ltr'><strong>ipsius</strong></span> <span class='ocrx_word' id='word_1_13' title='bbox 204 785 388 850; x_wconf 89' lang='lat' dir='ltr'><strong>comoediae</strong></span> <span class='ocrx_word' id='word_1_14' title='bbox 411 807 583 872; x_wconf 73' lang='lat' dir='ltr'><strong>progressu</strong></span> <span class='ocrx_word' id='word_1_15' title='bbox 604 788 637 850; x_wconf 93' lang='lat' dir='ltr'><strong>in</strong></span> <span class='ocrx_word' id='word_1_16' title='bbox 660 788 851 851; x_wconf 87' lang='lat' dir='ltr'><strong>contrariam</strong></span> <span class='ocrx_word' id='word_1_17' title='bbox 872 796 996 874; x_wconf 78' lang='lat' dir='ltr'><strong>partem</strong></span> <span class='ocrx_word' id='word_1_18' title='bbox 1012 791 1095 854; x_wconf 65' lang='lat' dir='ltr'><strong>verti</strong></span> 
     </span>
    </p>
   </div>
   <div class='ocr_carea' id='block_1_2' title="bbox 17 885 1239 4495">
    <p class='ocr_par' dir='ltr' id='par_1_2' title="bbox 83 885 1095 979">
     <span class='ocr_line' id='line_1_3' title="bbox 83 885 1095 979; baseline 0.008 -28"><span class='ocrx_word' id='word_1_19' title='bbox 83 910 177 974; x_wconf 87' lang='lat' dir='ltr'><strong>posse</strong></span> <span class='ocrx_word' id='word_1_20' title='bbox 199 888 364 972; x_wconf 89' lang='lat' dir='ltr'><strong>videatur,</strong></span> <span class='ocrx_word' id='word_1_21' title='bbox 386 885 492 955; x_wconf 87' lang='lat' dir='ltr'><strong>tamen</strong></span> <span class='ocrx_word' id='word_1_22' title='bbox 515 913 550 955; x_wconf 92' lang='lat' dir='ltr'><strong>re</strong></span> <span class='ocrx_word' id='word_1_23' title='bbox 573 913 651 956; x_wconf 85' lang='lat' dir='ltr'><strong>vera</strong></span> <span class='ocrx_word' id='word_1_24' title='bbox 673 893 702 956; x_wconf 93' lang='lat' dir='ltr'><strong>ei</strong></span> <span class='ocrx_word' id='word_1_25' title='bbox 724 893 908 974; x_wconf 87' lang='lat' dir='ltr'><strong>sententiae,</strong></span> <span class='ocrx_word' id='word_1_26' title='bbox 930 915 1025 979; x_wconf 90' lang='lat' dir='ltr'><strong>quam</strong></span> <span class='ocrx_word' id='word_1_27' title='bbox 1047 918 1095 959; x_wconf 91' lang='lat' dir='ltr'><strong>su-</strong></span> 
     </span>
    </p>

    <p class='ocr_par' dir='ltr' id='par_1_3' title="bbox 17 995 1095 1084">
     <span class='ocr_line' id='line_1_4' title="bbox 17 995 1095 1084; baseline 0.007 -29"><span class='ocrx_word' id='word_1_28' title='bbox 17 1055 21 1072; x_wconf 54' lang='lat'><strong>,</strong></span> <span class='ocrx_word' id='word_1_29' title='bbox 80 1015 142 1078; x_wconf 89' lang='lat' dir='ltr'><strong>pra</strong></span> <span class='ocrx_word' id='word_1_30' title='bbox 163 995 330 1080; x_wconf 84' lang='lat' dir='ltr'>proposui,</span> <span class='ocrx_word' id='word_1_31' title='bbox 353 1003 401 1059; x_wconf 93' lang='lat' dir='ltr'><strong>est</strong></span> <span class='ocrx_word' id='word_1_32' title='bbox 422 1005 617 1080; x_wconf 84' lang='lat' dir='ltr'><strong>argumento.</strong></span> <span class='ocrx_word' id='word_1_33' title='bbox 663 996 781 1061; x_wconf 85' lang='lat' dir='ltr'><strong>Totum</strong></span> <span class='ocrx_word' id='word_1_34' title='bbox 803 1006 981 1081; x_wconf 86' lang='lat' dir='ltr'><strong>certamen,</strong></span> <span class='ocrx_word' id='word_1_35' title='bbox 1009 998 1095 1084; x_wconf 94' lang='lat' dir='ltr'><strong>quod</strong></span> 
     </span>
    </p>

    <p class='ocr_par' dir='ltr' id='par_1_4' title="bbox 17 1083 1095 1186">
     <span class='ocr_line' id='line_1_5' title="bbox 17 1083 1095 1186; baseline 0.005 -26"><span class='ocrx_word' id='word_1_36' title='bbox 17 1083 24 1168; x_wconf 55' lang='lat' dir='ltr'>f</span> <span class='ocrx_word' id='word_1_37' title='bbox 75 1097 185 1181; x_wconf 86' lang='lat' dir='ltr'><strong>justae</strong></span> <span class='ocrx_word' id='word_1_38' title='bbox 218 1105 250 1162; x_wconf 87' lang='lat' dir='ltr'><strong>e&#39;t</strong></span> <span class='ocrx_word' id='word_1_39' title='bbox 277 1097 412 1184; x_wconf 86' lang='lat' dir='ltr'><strong>injustae</strong></span> <span class='ocrx_word' id='word_1_40' title='bbox 442 1120 556 1164; x_wconf 88' lang='lat' dir='ltr'><strong>causae</strong></span> <span class='ocrx_word' id='word_1_41' title='bbox 586 1099 712 1186; x_wconf 89' lang='lat' dir='ltr'><strong>patroni</strong></span> <span class='ocrx_word' id='word_1_42' title='bbox 737 1099 861 1181; x_wconf 88' lang='lat' dir='ltr'><strong>ineunt,</strong></span> <span class='ocrx_word' id='word_1_43' title='bbox 894 1122 914 1162; x_wconf 88' lang='lat' dir='ltr'><strong>a</strong></span> <span class='ocrx_word' id='word_1_44' title='bbox 934 1109 1030 1186; x_wconf 71' lang='lat' dir='ltr'><strong>poeta</strong></span> <span class='ocrx_word' id='word_1_45' title='bbox 1050 1103 1095 1165; x_wconf 86' lang='lat' dir='ltr'><strong>ita</strong></span> 
     </span>
    </p>

    <p class='ocr_par' dir='ltr' id='par_1_5' title="bbox 17 1193 1094 1294">
     <span class='ocr_line' id='line_1_6' title="bbox 17 1199 1094 1294; baseline 0.006 -32"><span class='ocrx_word' id='word_1_46' title='bbox 17 1283 21 1294; x_wconf 72' lang='lat'>‚</span> <span class='ocrx_word' id='word_1_47' title='bbox 79 1199 354 1286; x_wconf 70' lang='lat' dir='ltr'><strong>dispositumst,</strong></span> <span class='ocrx_word' id='word_1_48' title='bbox 380 1211 417 1265; x_wconf 95' lang='lat' dir='ltr'><strong>ut</strong></span> <span class='ocrx_word' id='word_1_49' title='bbox 438 1203 582 1287; x_wconf 85' lang='lat' dir='ltr'><strong>quamvis</strong></span> <span class='ocrx_word' id='word_1_50' title='bbox 609 1201 661 1265; x_wconf 93' lang='lat' dir='ltr'><strong>hic</strong></span> <span class='ocrx_word' id='word_1_51' title='bbox 683 1201 829 1287; x_wconf 82' lang='lat' dir='ltr'><strong>superior</strong></span> <span class='ocrx_word' id='word_1_52' title='bbox 849 1223 958 1288; x_wconf 84' lang='lat' dir='ltr'><strong>pugna</strong></span> <span class='ocrx_word' id='word_1_53' title='bbox 979 1202 1094 1268; x_wconf 82' lang='lat' dir='ltr'><strong>disces</strong></span> 
     </span>
    </p>

    <p class='ocr_par' dir='ltr' id='par_1_6' title="bbox 17 1296 1239 1392">
     <span class='ocr_line' id='line_1_7' title="bbox 17 1296 1239 1392; baseline 0.002 -25"><span class='ocrx_word' id='word_1_54' title='bbox 17 1301 21 1380; x_wconf 71' lang='lat' dir='ltr'>J</span> <span class='ocrx_word' id='word_1_55' title='bbox 78 1304 168 1386; x_wconf 88' lang='lat' dir='ltr'><strong>serit,</strong></span> <span class='ocrx_word' id='word_1_56' title='bbox 189 1311 296 1368; x_wconf 86' lang='lat' dir='ltr'><strong>tamen</strong></span> <span class='ocrx_word' id='word_1_57' title='bbox 316 1308 428 1392; x_wconf 86' lang='lat' dir='ltr'><strong>rea&#39;pse</strong></span> <span class='ocrx_word' id='word_1_58' title='bbox 450 1303 538 1368; x_wconf 90' lang='lat' dir='ltr'><strong>illum</strong></span> <span class='ocrx_word' id='word_1_59' title='bbox 559 1305 674 1369; x_wconf 84' lang='lat' dir='ltr'><strong>vicisse</strong></span> <span class='ocrx_word' id='word_1_60' title='bbox 692 1325 786 1369; x_wconf 90' lang='lat' dir='ltr'><strong>nemo</strong></span> <span class='ocrx_word' id='word_1_61' title='bbox 801 1313 1014 1391; x_wconf 85' lang='lat' dir='ltr'><strong>spectatorum</strong></span> <span class='ocrx_word' id='word_1_62' title='bbox 1029 1327 1093 1372; x_wconf 90' lang='lat' dir='ltr'><strong>non</strong></span> <span class='ocrx_word' id='word_1_63' title='bbox 1143 1296 1211 1350; x_wconf 46' lang='lat'><strong>³5·</strong></span> <span class='ocrx_word' id='word_1_64' title='bbox 1229 1323 1239 1340; x_wconf 57' lang='lat'><strong>⁶</strong></span> 
     </span>
    </p>

    <p class='ocr_par' dir='ltr' id='par_1_7' title="bbox 19 1403 1093 1909">
     <span class='ocr_line' id='line_1_8' title="bbox 19 1403 1093 1494; baseline 0.004 -23"><span class='ocrx_word' id='word_1_65' title='bbox 19 1403 20 1408; x_wconf 64' lang='grc'>’</span> <span class='ocrx_word' id='word_1_66' title='bbox 77 1409 220 1472; x_wconf 83' lang='lat' dir='ltr'><strong>sentiret.</strong></span> <span class='ocrx_word' id='word_1_67' title='bbox 272 1407 405 1490; x_wconf 89' lang='lat' dir='ltr'><strong>Omnia,</strong></span> <span class='ocrx_word' id='word_1_68' title='bbox 442 1429 523 1494; x_wconf 90' lang='lat' dir='ltr'><strong>quae</strong></span> <span class='ocrx_word' id='word_1_69' title='bbox 560 1408 695 1494; x_wconf 89' lang='lat' dir='ltr'><strong>injustus</strong></span> <span class='ocrx_word' id='word_1_70' title='bbox 732 1408 913 1474; x_wconf 73' lang='lat' dir='ltr'><strong>causidicus</strong></span> <span class='ocrx_word' id='word_1_71' title='bbox 940 1409 1093 1475; x_wconf 87' lang='lat' dir='ltr'><strong>adversus</strong></span> 
     </span>
     <span class='ocr_line' id='line_1_9' title="bbox 77 1509 1092 1598; baseline 0.004 -25"><span class='ocrx_word' id='word_1_72' title='bbox 77 1511 232 1596; x_wconf 88' lang='lat' dir='ltr'><strong>pietatem</strong></span> <span class='ocrx_word' id='word_1_73' title='bbox 261 1519 293 1574; x_wconf 91' lang='lat' dir='ltr'><strong>et</strong></span> <span class='ocrx_word' id='word_1_74' title='bbox 321 1509 518 1576; x_wconf 79' lang='lat' dir='ltr'><strong>honestatem</strong></span> <span class='ocrx_word' id='word_1_75' title='bbox 546 1511 686 1598; x_wconf 87' lang='lat' dir='ltr'><strong>profert,</strong></span> <span class='ocrx_word' id='word_1_76' title='bbox 718 1521 784 1576; x_wconf 85' lang='lat' dir='ltr'><strong>tam</strong></span> <span class='ocrx_word' id='word_1_77' title='bbox 815 1512 910 1576; x_wconf 88' lang='lat' dir='ltr'><strong>certis</strong></span> <span class='ocrx_word' id='word_1_78' title='bbox 932 1511 1092 1578; x_wconf 88' lang='lat' dir='ltr'><strong>fallacium</strong></span> 
     </span>
     <span class='ocr_line' id='line_1_10' title="bbox 77 1611 1092 1701; baseline 0.002 -23"><span class='ocrx_word' id='word_1_79' title='bbox 77 1613 210 1679; x_wconf 89' lang='lat' dir='ltr'><strong>dicendi</strong></span> <span class='ocrx_word' id='word_1_80' title='bbox 232 1615 349 1679; x_wconf 84' lang='lat' dir='ltr'><strong>artium</strong></span> <span class='ocrx_word' id='word_1_81' title='bbox 370 1615 468 1701; x_wconf 84' lang='lat' dir='ltr'><strong>signis</strong></span> <span class='ocrx_word' id='word_1_82' title='bbox 489 1624 599 1680; x_wconf 88' lang='lat' dir='ltr'><strong>notata</strong></span> <span class='ocrx_word' id='word_1_83' title='bbox 620 1624 701 1698; x_wconf 84' lang='lat' dir='ltr'><strong>sunt,</strong></span> <span class='ocrx_word' id='word_1_84' title='bbox 722 1623 758 1680; x_wconf 86' lang='lat' dir='ltr'><strong>ut</strong></span> <span class='ocrx_word' id='word_1_85' title='bbox 780 1636 888 1680; x_wconf 91' lang='lat' dir='ltr'><strong>omnes</strong></span> <span class='ocrx_word' id='word_1_86' title='bbox 903 1611 1044 1680; x_wconf 85' lang='lat' dir='ltr'><strong>ridentes</strong></span> <span class='ocrx_word' id='word_1_87' title='bbox 1063 1618 1092 1680; x_wconf 94' lang='lat' dir='ltr'><strong>ei</strong></span> 
     </span>
     <span class='ocr_line' id='line_1_11' title="bbox 76 1719 1092 1802; baseline 0.003 -18"><span class='ocrx_word' id='word_1_88' title='bbox 76 1719 283 1802; x_wconf 72' lang='lat' dir='ltr'><strong>assentirent,</strong></span> <span class='ocrx_word' id='word_1_89' title='bbox 323 1741 433 1784; x_wconf 90' lang='lat' dir='ltr'><strong>severe</strong></span> <span class='ocrx_word' id='word_1_90' title='bbox 469 1729 574 1785; x_wconf 90' lang='lat' dir='ltr'><strong>autem</strong></span> <span class='ocrx_word' id='word_1_91' title='bbox 611 1743 680 1784; x_wconf 90' lang='lat' dir='ltr'><strong>rem</strong></span> <span class='ocrx_word' id='word_1_92' title='bbox 712 1722 870 1785; x_wconf 90' lang='lat' dir='ltr'><strong>intuentes</strong></span> <span class='ocrx_word' id='word_1_93' title='bbox 908 1719 1092 1786; x_wconf 88' lang='lat' dir='ltr'><strong>adversario</strong></span> 
     </span>
     <span class='ocr_line' id='line_1_12' title="bbox 77 1821 334 1909; baseline -0.012 -21"><span class='ocrx_word' id='word_1_94' title='bbox 77 1821 334 1909; x_wconf 82' lang='lat' dir='ltr'><strong>astipularentur.</strong></span> 
     </span>
    </p>

    <p class='ocr_par' dir='ltr' id='par_1_8' title="bbox 75 1926 1092 2324">
     <span class='ocr_line' id='line_1_13' title="bbox 164 1926 1092 2012; baseline 0.001 -19"><span class='ocrx_word' id='word_1_95' title='bbox 164 1927 295 1993; x_wconf 91' lang='lat' dir='ltr'><strong>Nullum</strong></span> <span class='ocrx_word' id='word_1_96' title='bbox 327 1935 431 1992; x_wconf 86' lang='lat' dir='ltr'><strong>exstat</strong></span> <span class='ocrx_word' id='word_1_97' title='bbox 456 1927 639 2012; x_wconf 85' lang='lat' dir='ltr'><strong>vestigium,</strong></span> <span class='ocrx_word' id='word_1_98' title='bbox 670 1926 756 2012; x_wconf 92' lang='lat' dir='ltr'><strong>quod</strong></span> <span class='ocrx_word' id='word_1_99' title='bbox 786 1949 823 1992; x_wconf 91' lang='lat' dir='ltr'><strong>eo</strong></span> <span class='ocrx_word' id='word_1_100' title='bbox 852 1926 1013 1992; x_wconf 84' lang='lat' dir='ltr'><strong>adducere</strong></span> <span class='ocrx_word' id='word_1_101' title='bbox 1034 1951 1092 1994; x_wconf 92' lang='lat' dir='ltr'><strong>nos</strong></span> 
     </span>
     <span class='ocr_line' id='line_1_14' title="bbox 76 2028 1091 2120; baseline 0.002 -24"><span class='ocrx_word' id='word_1_102' title='bbox 76 2032 192 2120; x_wconf 86' lang='lat' dir='ltr'><strong>possit,</strong></span> <span class='ocrx_word' id='word_1_103' title='bbox 214 2039 250 2096; x_wconf 90' lang='lat' dir='ltr'><strong>ut</strong></span> <span class='ocrx_word' id='word_1_104' title='bbox 270 2029 517 2117; x_wconf 81' lang='lat' dir='ltr'><strong>Aristophanem</strong></span> <span class='ocrx_word' id='word_1_105' title='bbox 539 2028 616 2094; x_wconf 91' lang='lat' dir='ltr'><strong>deos</strong></span> <span class='ocrx_word' id='word_1_106' title='bbox 636 2046 769 2115; x_wconf 82' lang='lat' dir='ltr'><strong>negasse</strong></span> <span class='ocrx_word' id='word_1_107' title='bbox 791 2052 990 2096; x_wconf 79' lang='lat' dir='ltr'><strong>censeamus:</strong></span> <span class='ocrx_word' id='word_1_108' title='bbox 1019 2055 1091 2098; x_wconf 91' lang='lat' dir='ltr'><strong>con-</strong></span> 
     </span>
     <span class='ocr_line' id='line_1_15' title="bbox 75 2132 1089 2220; baseline 0.001 -19"><span class='ocrx_word' id='word_1_109' title='bbox 75 2147 128 2201; x_wconf 88' lang='lat' dir='ltr'><strong>tra</strong></span> <span class='ocrx_word' id='word_1_110' title='bbox 162 2157 270 2200; x_wconf 91' lang='lat' dir='ltr'><strong>omnes</strong></span> <span class='ocrx_word' id='word_1_111' title='bbox 295 2134 374 2218; x_wconf 90' lang='lat' dir='ltr'><strong>loci,</strong></span> <span class='ocrx_word' id='word_1_112' title='bbox 405 2135 460 2220; x_wconf 90' lang='lat' dir='ltr'><strong>qui</strong></span> <span class='ocrx_word' id='word_1_113' title='bbox 492 2132 534 2198; x_wconf 88' lang='lat' dir='ltr'><strong>ad</strong></span> <span class='ocrx_word' id='word_1_114' title='bbox 566 2132 650 2198; x_wconf 89' lang='lat' dir='ltr'><strong>hune</strong></span> <span class='ocrx_word' id='word_1_115' title='bbox 679 2133 827 2200; x_wconf 84' lang='lat' dir='ltr'><strong>morbum</strong></span> <span class='ocrx_word' id='word_1_116' title='bbox 847 2133 889 2200; x_wconf 89' lang='lat' dir='ltr'><strong>ab</strong></span> <span class='ocrx_word' id='word_1_117' title='bbox 911 2134 966 2198; x_wconf 87' lang='lat' dir='ltr'><strong>illa</strong></span> <span class='ocrx_word' id='word_1_118' title='bbox 987 2146 1089 2202; x_wconf 88' lang='lat' dir='ltr'><strong>aetate</strong></span> 
     </span>
     <span class='ocr_line' id='line_1_16' title="bbox 75 2232 1090 2324; baseline 0.003 -20"><span class='ocrx_word' id='word_1_119' title='bbox 75 2240 208 2305; x_wconf 89' lang='lat' dir='ltr'><strong>minime</strong></span> <span class='ocrx_word' id='word_1_120' title='bbox 238 2237 375 2308; x_wconf 88' lang='lat' dir='ltr'><strong>alienum</strong></span> <span class='ocrx_word' id='word_1_121' title='bbox 406 2232 577 2324; x_wconf 51' lang='lat' dir='ltr'><strong>spectent}</strong></span> <span class='ocrx_word' id='word_1_122' title='bbox 598 2244 726 2323; x_wconf 72' lang='lat' dir='ltr'><strong>potitam</strong></span> <span class='ocrx_word' id='word_1_123' title='bbox 755 2235 871 2312; x_wconf 70' lang='grc' dir='ltr'><strong><em>ἀθέοις</em></strong></span> <span class='ocrx_word' id='word_1_124' title='bbox 892 2233 1022 2306; x_wconf 86' lang='lat' dir='ltr'><strong>minime</strong></span> <span class='ocrx_word' id='word_1_125' title='bbox 1044 2265 1090 2306; x_wconf 90' lang='lat' dir='ltr'><strong>as·</strong></span> 
     </span>
    </p>

    <p class='ocr_par' dir='ltr' id='par_1_9' title="bbox 23 2326 1232 4417">
     <span class='ocr_line' id='line_1_17' title="bbox 23 2326 1172 2429; baseline 0.002 -21"><span class='ocrx_word' id='word_1_126' title='bbox 23 2349 25 2354; x_wconf 83' lang='lat'>&#39;</span> <span class='ocrx_word' id='word_1_127' title='bbox 75 2344 212 2408; x_wconf 87' lang='lat' dir='ltr'><strong>sensisse</strong></span> <span class='ocrx_word' id='word_1_128' title='bbox 240 2341 456 2429; x_wconf 89' lang='lat' dir='ltr'><strong>comprobant.</strong></span> <span class='ocrx_word' id='word_1_129' title='bbox 505 2340 669 2406; x_wconf 85' lang='lat' dir='ltr'><strong>Socratem</strong></span> <span class='ocrx_word' id='word_1_130' title='bbox 695 2340 789 2406; x_wconf 85' lang='lat' dir='ltr'><strong>valde</strong></span> <span class='ocrx_word' id='word_1_131' title='bbox 811 2345 970 2408; x_wconf 91' lang='lat' dir='ltr'><strong>immerito</strong></span> <span class='ocrx_word' id='word_1_132' title='bbox 993 2343 1089 2410; x_wconf 89' lang='lat' dir='ltr'><strong>deum</strong></span> <span class='ocrx_word' id='word_1_133' title='bbox 1168 2326 1172 2339; x_wconf 49' lang='lat'>¹</span> 
     </span>
     <span class='ocr_line' id='line_1_18' title="bbox 75 2444 1091 2534; baseline 0.002 -22"><span class='ocrx_word' id='word_1_134' title='bbox 75 2471 119 2512; x_wconf 88' lang='lat' dir='ltr'><strong>ex</strong></span> <span class='ocrx_word' id='word_1_135' title='bbox 140 2469 247 2511; x_wconf 91' lang='lat' dir='ltr'><strong>rerum</strong></span> <span class='ocrx_word' id='word_1_136' title='bbox 265 2455 380 2512; x_wconf 88' lang='lat' dir='ltr'><strong>natura</strong></span> <span class='ocrx_word' id='word_1_137' title='bbox 389 2444 551 2522; x_wconf 71' lang='lat' dir='ltr'><strong>sustulisse</strong></span> <span class='ocrx_word' id='word_1_138' title='bbox 565 2444 648 2529; x_wconf 84' lang='lat' dir='ltr'><strong>(nub.</strong></span> <span class='ocrx_word' id='word_1_139' title='bbox 661 2445 734 2530; x_wconf 81' lang='lat'>246)</span> <span class='ocrx_word' id='word_1_140' title='bbox 747 2445 897 2532; x_wconf 90' lang='lat' dir='ltr'><strong>idemque</strong></span> <span class='ocrx_word' id='word_1_141' title='bbox 913 2447 1091 2534; x_wconf 81' lang='lat' dir='ltr'><strong>Strepsiadi</strong></span> 
     </span>
     <span class='ocr_line' id='line_1_19' title="bbox 75 2548 1089 2640; baseline 0.003 -25"><span class='ocrx_word' id='word_1_142' title='bbox 75 2552 209 2638; x_wconf 88' lang='lat' dir='ltr'><strong>ejusque</strong></span> <span class='ocrx_word' id='word_1_143' title='bbox 230 2549 295 2616; x_wconf 91' lang='lat' dir='ltr'><strong>filio</strong></span> <span class='ocrx_word' id='word_1_144' title='bbox 317 2551 510 2640; x_wconf 87' lang='lat' dir='ltr'><strong>persuasisse</strong></span> <span class='ocrx_word' id='word_1_145' title='bbox 532 2549 617 2630; x_wconf 89' lang='lat' dir='ltr'><strong>(nub.</strong></span> <span class='ocrx_word' id='word_1_146' title='bbox 639 2548 712 2615; x_wconf 85' lang='lat'><strong>366.</strong></span> <span class='ocrx_word' id='word_1_147' title='bbox 733 2549 805 2613; x_wconf 80' lang='lat'>817.</span> <span class='ocrx_word' id='word_1_148' title='bbox 830 2550 940 2632; x_wconf 81' lang='lat'><strong>1468),</strong></span> <span class='ocrx_word' id='word_1_149' title='bbox 962 2551 1089 2618; x_wconf 86' lang='lat' dir='ltr'><strong>fabulae</strong></span> 
     </span>
     <span class='ocr_line' id='line_1_20' title="bbox 75 2652 1089 2744; baseline 0.001 -23"><span class='ocrx_word' id='word_1_150' title='bbox 75 2657 183 2722; x_wconf 83' lang='lat' dir='ltr'><strong>exitus</strong></span> <span class='ocrx_word' id='word_1_151' title='bbox 204 2655 410 2722; x_wconf 77' lang='lat' dir='ltr'><strong>demonstrat:</strong></span> <span class='ocrx_word' id='word_1_152' title='bbox 431 2656 466 2718; x_wconf 90' lang='lat' dir='ltr'><strong>in</strong></span> <span class='ocrx_word' id='word_1_153' title='bbox 486 2652 662 2739; x_wconf 89' lang='lat' dir='ltr'><strong>thesmoph.</strong></span> <span class='ocrx_word' id='word_1_154' title='bbox 683 2675 744 2718; x_wconf 91' lang='lat' dir='ltr'><strong>vss.</strong></span> <span class='ocrx_word' id='word_1_155' title='bbox 764 2654 828 2718; x_wconf 88' lang='grc'><strong>448</strong></span> <span class='ocrx_word' id='word_1_156' title='bbox 850 2675 917 2740; x_wconf 89' lang='lat' dir='ltr'><strong>sqq.</strong></span> <span class='ocrx_word' id='word_1_157' title='bbox 938 2655 1089 2744; x_wconf 84' lang='lat' dir='ltr'><strong>Euripidi</strong></span> 
     </span>
     <span class='ocr_line' id='line_1_21' title="bbox 72 2755 1088 2844; baseline 0.002 -21"><span class='ocrx_word' id='word_1_158' title='bbox 72 2760 188 2824; x_wconf 84' lang='lat' dir='ltr'><strong>festive</strong></span> <span class='ocrx_word' id='word_1_159' title='bbox 211 2783 230 2824; x_wconf 88' lang='lat' dir='ltr'><strong>a</strong></span> <span class='ocrx_word' id='word_1_160' title='bbox 251 2757 359 2823; x_wconf 87' lang='lat' dir='ltr'><strong>vetula</strong></span> <span class='ocrx_word' id='word_1_161' title='bbox 387 2757 560 2844; x_wconf 88' lang='lat' dir='ltr'><strong>opprobrio</strong></span> <span class='ocrx_word' id='word_1_162' title='bbox 590 2755 700 2844; x_wconf 88' lang='lat' dir='ltr'><strong>datur,</strong></span> <span class='ocrx_word' id='word_1_163' title='bbox 733 2755 819 2841; x_wconf 87' lang='lat' dir='ltr'><strong>quod</strong></span> <span class='ocrx_word' id='word_1_164' title='bbox 839 2755 1088 2840; x_wconf 87' lang='lat' dir='ltr'><strong>Atheniensibus</strong></span> 
     </span>
     <span class='ocr_line' id='line_1_22' title="bbox 73 2858 1088 2945; baseline 0.001 -19"><span class='ocrx_word' id='word_1_165' title='bbox 73 2862 153 2928; x_wconf 91' lang='lat' dir='ltr'><strong>deos</strong></span> <span class='ocrx_word' id='word_1_166' title='bbox 173 2885 237 2929; x_wconf 92' lang='lat' dir='ltr'><strong>non</strong></span> <span class='ocrx_word' id='word_1_167' title='bbox 258 2883 326 2926; x_wconf 89' lang='lat' dir='ltr'><strong>esse</strong></span> <span class='ocrx_word' id='word_1_168' title='bbox 346 2860 538 2945; x_wconf 89' lang='lat' dir='ltr'><strong>persuaserit</strong></span> <span class='ocrx_word' id='word_1_169' title='bbox 568 2867 600 2922; x_wconf 93' lang='lat' dir='ltr'><strong>et</strong></span> <span class='ocrx_word' id='word_1_170' title='bbox 627 2859 672 2922; x_wconf 85' lang='lat' dir='ltr'><strong>ita</strong></span> <span class='ocrx_word' id='word_1_171' title='bbox 700 2858 930 2924; x_wconf 83' lang='lat' dir='ltr'><strong>nectendarum</strong></span> <span class='ocrx_word' id='word_1_172' title='bbox 958 2862 1088 2927; x_wconf 89' lang='lat' dir='ltr'><strong>corolla-</strong></span> 
     </span>
     <span class='ocr_line' id='line_1_23' title="bbox 71 2961 1088 3052; baseline -0.004 -20"><span class='ocrx_word' id='word_1_173' title='bbox 71 2989 146 3032; x_wconf 89' lang='lat' dir='ltr'><strong>rum</strong></span> <span class='ocrx_word' id='word_1_174' title='bbox 176 2973 309 3052; x_wconf 88' lang='lat' dir='ltr'><strong>quaestu</strong></span> <span class='ocrx_word' id='word_1_175' title='bbox 335 2963 438 3049; x_wconf 89' lang='lat' dir='ltr'><strong>ipsam</strong></span> <span class='ocrx_word' id='word_1_176' title='bbox 465 2963 608 3050; x_wconf 86' lang='lat' dir='ltr'><strong>privarit</strong></span> <span class='ocrx_word' id='word_1_177' title='bbox 651 2961 691 3026; x_wconf 92' lang='lat' dir='ltr'><strong>In</strong></span> <span class='ocrx_word' id='word_1_178' title='bbox 719 2961 840 3048; x_wconf 79' lang='lat' dir='ltr'><strong>Equitt.</strong></span> <span class='ocrx_word' id='word_1_179' title='bbox 862 2985 924 3027; x_wconf 88' lang='lat' dir='ltr'><strong>vss.</strong></span> <span class='ocrx_word' id='word_1_180' title='bbox 947 2963 990 3028; x_wconf 89' lang='grc'><strong>30</strong></span> <span class='ocrx_word' id='word_1_181' title='bbox 1011 2987 1088 3050; x_wconf 80' lang='lat' dir='ltr'><strong>sqq,</strong></span> 
     </span>
     <span class='ocr_line' id='line_1_24' title="bbox 70 3064 1087 3153; baseline -0.002 -19"><span class='ocrx_word' id='word_1_182' title='bbox 70 3069 130 3134; x_wconf 93' lang='lat' dir='ltr'><strong>ubi</strong></span> <span class='ocrx_word' id='word_1_183' title='bbox 152 3068 261 3132; x_wconf 83' lang='lat' dir='ltr'><strong>Nicias</strong></span> <span class='ocrx_word' id='word_1_184' title='bbox 290 3066 366 3132; x_wconf 89' lang='lat' dir='ltr'><strong>deos</strong></span> <span class='ocrx_word' id='word_1_185' title='bbox 392 3089 459 3132; x_wconf 89' lang='lat' dir='ltr'><strong>esse</strong></span> <span class='ocrx_word' id='word_1_186' title='bbox 488 3066 563 3132; x_wconf 90' lang='lat' dir='ltr'><strong>inde</strong></span> <span class='ocrx_word' id='word_1_187' title='bbox 586 3064 721 3152; x_wconf 85' lang='lat' dir='ltr'><strong>colligit,</strong></span> <span class='ocrx_word' id='word_1_188' title='bbox 751 3065 837 3152; x_wconf 87' lang='lat' dir='ltr'><strong>quod</strong></span> <span class='ocrx_word' id='word_1_189' title='bbox 866 3067 935 3153; x_wconf 91' lang='lat' dir='ltr'><strong>ipse</strong></span> <span class='ocrx_word' id='word_1_190' title='bbox 964 3067 1025 3133; x_wconf 90' lang='lat' dir='ltr'><strong>diis</strong></span> <span class='ocrx_word' id='word_1_191' title='bbox 1047 3071 1087 3132; x_wconf 89' lang='lat' dir='ltr'><strong>sit</strong></span> 
     </span>
     <span class='ocr_line' id='line_1_25' title="bbox 71 3171 1087 3261; baseline -0.001 -22"><span class='ocrx_word' id='word_1_192' title='bbox 71 3175 213 3254; x_wconf 88' lang='lat' dir='ltr'><strong>invisus,</strong></span> <span class='ocrx_word' id='word_1_193' title='bbox 241 3173 265 3234; x_wconf 91' lang='lat' dir='ltr'><strong>ii</strong></span> <span class='ocrx_word' id='word_1_194' title='bbox 292 3181 415 3237; x_wconf 88' lang='lat' dir='ltr'><strong>tantum</strong></span> <span class='ocrx_word' id='word_1_195' title='bbox 445 3171 551 3261; x_wconf 86' lang='lat' dir='ltr'><strong>lepide</strong></span> <span class='ocrx_word' id='word_1_196' title='bbox 573 3171 702 3236; x_wconf 89' lang='lat' dir='ltr'><strong>irrideri</strong></span> <span class='ocrx_word' id='word_1_197' title='bbox 723 3171 802 3236; x_wconf 90' lang='lat' dir='ltr'><strong>mihi</strong></span> <span class='ocrx_word' id='word_1_198' title='bbox 835 3172 1000 3256; x_wconf 87' lang='lat' dir='ltr'><strong>videntur,</strong></span> <span class='ocrx_word' id='word_1_199' title='bbox 1033 3175 1087 3261; x_wconf 88' lang='lat' dir='ltr'><strong>qui</strong></span> 
     </span>
     <span class='ocr_line' id='line_1_26' title="bbox 71 3275 1088 3368; baseline 0 -25"><span class='ocrx_word' id='word_1_200' title='bbox 71 3285 257 3368; x_wconf 88' lang='lat' dir='ltr'><strong>praesentes</strong></span> <span class='ocrx_word' id='word_1_201' title='bbox 280 3275 356 3342; x_wconf 90' lang='lat' dir='ltr'><strong>deos</strong></span> <span class='ocrx_word' id='word_1_202' title='bbox 377 3277 532 3342; x_wconf 90' lang='lat' dir='ltr'><strong>mundum</strong></span> <span class='ocrx_word' id='word_1_203' title='bbox 552 3277 732 3362; x_wconf 86' lang='lat' dir='ltr'><strong>gubernare</strong></span> <span class='ocrx_word' id='word_1_204' title='bbox 757 3275 901 3342; x_wconf 91' lang='lat' dir='ltr'><strong>ridiculis</strong></span> <span class='ocrx_word' id='word_1_205' title='bbox 922 3299 1088 3363; x_wconf 84' lang='lat' dir='ltr'><strong>argumen-</strong></span> 
     </span>
     <span class='ocr_line' id='line_1_27' title="bbox 71 3370 1232 3449; baseline -0.006 0"><span class='ocrx_word' id='word_1_206' title='bbox 71 3387 115 3449; x_wconf 91' lang='lat' dir='ltr'><strong>tis</strong></span> <span class='ocrx_word' id='word_1_207' title='bbox 136 3405 201 3448; x_wconf 89' lang='lat' dir='ltr'><strong>non</strong></span> <span class='ocrx_word' id='word_1_208' title='bbox 222 3381 449 3446; x_wconf 88' lang='lat' dir='ltr'><strong>sufficientibus</strong></span> <span class='ocrx_word' id='word_1_209' title='bbox 477 3380 664 3444; x_wconf 89' lang='lat' dir='ltr'><strong>confirmare</strong></span> <span class='ocrx_word' id='word_1_210' title='bbox 683 3370 856 3446; x_wconf 82' lang='lat' dir='ltr'><strong>tentabant.</strong></span> <span class='ocrx_word' id='word_1_211' title='bbox 911 3380 976 3446; x_wconf 84' lang='lat' dir='ltr'><strong>Sed</strong></span> <span class='ocrx_word' id='word_1_212' title='bbox 999 3392 1088 3446; x_wconf 87' lang='lat' dir='ltr'><strong>erant</strong></span> <span class='ocrx_word' id='word_1_213' title='bbox 1160 3417 1163 3434; x_wconf 88' lang='lat'><em>·</em></span> <span class='ocrx_word' id='word_1_214' title='bbox 1229 3435 1232 3442; x_wconf 80' lang='grc'>,</span> 
     </span>
     <span class='ocr_line' id='line_1_28' title="bbox 70 3482 1156 3572; baseline -0.002 -19"><span class='ocrx_word' id='word_1_215' title='bbox 70 3487 222 3562; x_wconf 85' lang='lat' dir='ltr'><strong>Athenis,</strong></span> <span class='ocrx_word' id='word_1_216' title='bbox 252 3486 307 3572; x_wconf 92' lang='lat' dir='ltr'><strong>qui</strong></span> <span class='ocrx_word' id='word_1_217' title='bbox 340 3483 467 3571; x_wconf 87' lang='lat' dir='ltr'><strong>publice</strong></span> <span class='ocrx_word' id='word_1_218' title='bbox 497 3483 627 3569; x_wconf 88' lang='lat' dir='ltr'><strong>quidem</strong></span> <span class='ocrx_word' id='word_1_219' title='bbox 658 3482 827 3548; x_wconf 78' lang='lat' dir='ltr'><strong>decaron</strong></span> <span class='ocrx_word' id='word_1_220' title='bbox 855 3502 923 3550; x_wconf 90' lang='lat' dir='ltr'><strong>esse</strong></span> <span class='ocrx_word' id='word_1_221' title='bbox 944 3485 1086 3571; x_wconf 90' lang='lat' dir='ltr'><strong>profiteri</strong></span> <span class='ocrx_word' id='word_1_222' title='bbox 1153 3559 1156 3567; x_wconf 19' lang='grc' dir='ltr'><strong>Α</strong></span> 
     </span>
     <span class='ocr_line' id='line_1_29' title="bbox 69 3586 1086 3673; baseline 0 -17"><span class='ocrx_word' id='word_1_223' title='bbox 69 3615 137 3656; x_wconf 91' lang='lat' dir='ltr'><strong>non</strong></span> <span class='ocrx_word' id='word_1_224' title='bbox 159 3589 327 3673; x_wconf 85' lang='lat' dir='ltr'><strong>auderent,</strong></span> <span class='ocrx_word' id='word_1_225' title='bbox 357 3610 470 3653; x_wconf 88' lang='lat' dir='ltr'><strong>revera</strong></span> <span class='ocrx_word' id='word_1_226' title='bbox 483 3596 604 3652; x_wconf 89' lang='lat' dir='ltr'><strong>-autem</strong></span> <span class='ocrx_word' id='word_1_227' title='bbox 626 3607 660 3650; x_wconf 90' lang='lat' dir='ltr'><strong>se</strong></span> <span class='ocrx_word' id='word_1_228' title='bbox 688 3587 734 3650; x_wconf 90' lang='lat' dir='ltr'><strong>ita</strong></span> <span class='ocrx_word' id='word_1_229' title='bbox 752 3586 884 3652; x_wconf 86' lang='lat' dir='ltr'><strong>credere</strong></span> <span class='ocrx_word' id='word_1_230' title='bbox 907 3610 945 3654; x_wconf 90' lang='lat' dir='ltr'><strong>ec</strong></span> <span class='ocrx_word' id='word_1_231' title='bbox 966 3589 1086 3656; x_wconf 86' lang='lat' dir='ltr'><strong>indica-</strong></span> 
     </span>
     <span class='ocr_line' id='line_1_30' title="bbox 68 3689 1086 3781; baseline -0.003 -20"><span class='ocrx_word' id='word_1_232' title='bbox 68 3704 153 3778; x_wconf 88' lang='lat' dir='ltr'><strong>rent,</strong></span> <span class='ocrx_word' id='word_1_233' title='bbox 175 3693 261 3781; x_wconf 90' lang='lat' dir='ltr'><strong>quod</strong></span> <span class='ocrx_word' id='word_1_234' title='bbox 283 3694 416 3760; x_wconf 89' lang='lat' dir='ltr'><strong>deorum</strong></span> <span class='ocrx_word' id='word_1_235' title='bbox 436 3693 576 3758; x_wconf 84' lang='lat' dir='ltr'><strong>vanitate</strong></span> <span class='ocrx_word' id='word_1_236' title='bbox 591 3689 729 3777; x_wconf 88' lang='lat' dir='ltr'><strong>ideoque</strong></span> <span class='ocrx_word' id='word_1_237' title='bbox 742 3691 885 3777; x_wconf 88' lang='lat' dir='ltr'><strong>ipsorum</strong></span> <span class='ocrx_word' id='word_1_238' title='bbox 898 3693 1086 3780; x_wconf 86' lang='lat' dir='ltr'><strong>impunitate</strong></span> 
     </span>
     <span class='ocr_line' id='line_1_31' title="bbox 69 3792 1085 3886; baseline -0.001 -22"><span class='ocrx_word' id='word_1_239' title='bbox 69 3800 147 3864; x_wconf 88' lang='lat' dir='ltr'><strong>freti</strong></span> <span class='ocrx_word' id='word_1_240' title='bbox 167 3795 287 3864; x_wconf 83' lang='lat' dir='ltr'><strong>temere</strong></span> <span class='ocrx_word' id='word_1_241' title='bbox 309 3799 499 3886; x_wconf 89' lang='lat' dir='ltr'><strong>pejerarent.</strong></span> <span class='ocrx_word' id='word_1_242' title='bbox 541 3795 703 3882; x_wconf 89' lang='lat' dir='ltr'><strong>Imprimis</strong></span> <span class='ocrx_word' id='word_1_243' title='bbox 725 3792 931 3879; x_wconf 69' lang='grc' dir='ltr'><strong>δημαγωγοὺς</strong></span> <span class='ocrx_word' id='word_1_244' title='bbox 942 3819 1085 3863; x_wconf 90' lang='lat' dir='ltr'><strong>nonnun-</strong></span> 
     </span>
     <span class='ocr_line' id='line_1_32' title="bbox 69 3899 1086 3991; baseline 0 -22"><span class='ocrx_word' id='word_1_245' title='bbox 69 3925 169 3991; x_wconf 89' lang='lat' dir='ltr'><strong>quam</strong></span> <span class='ocrx_word' id='word_1_246' title='bbox 190 3903 276 3990; x_wconf 88' lang='lat' dir='ltr'><strong>turpi</strong></span> <span class='ocrx_word' id='word_1_247' title='bbox 297 3901 358 3968; x_wconf 89' lang='lat' dir='ltr'><strong>hoc</strong></span> <span class='ocrx_word' id='word_1_248' title='bbox 378 3903 499 3968; x_wconf 85' lang='lat' dir='ltr'><strong>auxilio</strong></span> <span class='ocrx_word' id='word_1_249' title='bbox 520 3923 593 3968; x_wconf 92' lang='lat' dir='ltr'><strong>usos</strong></span> <span class='ocrx_word' id='word_1_250' title='bbox 616 3922 697 3984; x_wconf 88' lang='lat' dir='ltr'><strong>esse,</strong></span> <span class='ocrx_word' id='word_1_251' title='bbox 726 3909 761 3964; x_wconf 92' lang='lat' dir='ltr'><strong>ut</strong></span> <span class='ocrx_word' id='word_1_252' title='bbox 788 3899 907 3987; x_wconf 91' lang='lat' dir='ltr'><strong>populo</strong></span> <span class='ocrx_word' id='word_1_253' title='bbox 929 3901 1086 3988; x_wconf 89' lang='lat' dir='ltr'><strong>quidlibet</strong></span> 
     </span>
     <span class='ocr_line' id='line_1_33' title="bbox 69 4003 1209 4098; baseline -0.002 -24"><span class='ocrx_word' id='word_1_254' title='bbox 69 4007 317 4098; x_wconf 88' lang='lat' dir='ltr'><strong>persuaderent,</strong></span> <span class='ocrx_word' id='word_1_255' title='bbox 351 4029 393 4072; x_wconf 77' lang='lat' dir='ltr'><strong>ex</strong></span> <span class='ocrx_word' id='word_1_256' title='bbox 424 4007 582 4074; x_wconf 89' lang='lat' dir='ltr'><strong>nonnullis</strong></span> <span class='ocrx_word' id='word_1_257' title='bbox 610 4005 702 4088; x_wconf 91' lang='lat' dir='ltr'><strong>locis,</strong></span> <span class='ocrx_word' id='word_1_258' title='bbox 737 4005 792 4091; x_wconf 93' lang='lat' dir='ltr'><strong>qui</strong></span> <span class='ocrx_word' id='word_1_259' title='bbox 822 4003 976 4071; x_wconf 84' lang='lat' dir='ltr'><strong>acerrime</strong></span> <span class='ocrx_word' id='word_1_260' title='bbox 997 4007 1084 4072; x_wconf 88' lang='lat' dir='ltr'><strong>illam</strong></span> <span class='ocrx_word' id='word_1_261' title='bbox 1207 4009 1209 4018; x_wconf 80' lang='grc'>’</span> 
     </span>
     <span class='ocr_line' id='line_1_34' title="bbox 68 4109 1082 4202; baseline -0.004 -24"><span class='ocrx_word' id='word_1_262' title='bbox 68 4112 279 4202; x_wconf 75' lang='lat' dir='ltr'><strong>petulantiam</strong></span> <span class='ocrx_word' id='word_1_263' title='bbox 311 4113 557 4197; x_wconf 86' lang='lat' dir='ltr'><strong>aggrediuntur,</strong></span> <span class='ocrx_word' id='word_1_264' title='bbox 595 4109 790 4194; x_wconf 86' lang='lat' dir='ltr'><strong>intelligitur.</strong></span> <span class='ocrx_word' id='word_1_265' title='bbox 856 4110 983 4176; x_wconf 88' lang='lat' dir='ltr'><strong>Justam</strong></span> <span class='ocrx_word' id='word_1_266' title='bbox 1010 4110 1082 4175; x_wconf 87' lang='lat' dir='ltr'><strong>talis</strong></span> 
     </span>
     <span class='ocr_line' id='line_1_35' title="bbox 68 4212 1083 4302; baseline -0.004 -19"><span class='ocrx_word' id='word_1_267' title='bbox 68 4217 209 4283; x_wconf 89' lang='lat' dir='ltr'><strong>hominis</strong></span> <span class='ocrx_word' id='word_1_268' title='bbox 241 4237 377 4302; x_wconf 90' lang='lat' dir='ltr'><strong>poenam</strong></span> <span class='ocrx_word' id='word_1_269' title='bbox 407 4215 493 4282; x_wconf 91' lang='lat' dir='ltr'><strong>Pluti</strong></span> <span class='ocrx_word' id='word_1_270' title='bbox 528 4237 640 4280; x_wconf 86' lang='lat' dir='ltr'><strong>versus</strong></span> <span class='ocrx_word' id='word_1_271' title='bbox 669 4212 853 4278; x_wconf 73' lang='lat' dir='ltr'><strong>tro-725</strong></span> <span class='ocrx_word' id='word_1_272' title='bbox 886 4213 1083 4279; x_wconf 85' lang='lat' dir='ltr'><strong>describunt:</strong></span> 
     </span>
     <span class='ocr_line' id='line_1_36' title="bbox 67 4315 1081 4417; baseline -0.006 -28"><span class='ocrx_word' id='word_1_273' title='bbox 67 4322 242 4396; x_wconf 89' lang='lat' dir='ltr'><strong>Neoclides</strong></span> <span class='ocrx_word' id='word_1_274' title='bbox 261 4329 387 4387; x_wconf 90' lang='lat' dir='ltr'><strong>noctem</strong></span> <span class='ocrx_word' id='word_1_275' title='bbox 408 4322 443 4386; x_wconf 92' lang='lat' dir='ltr'><strong>in</strong></span> <span class='ocrx_word' id='word_1_276' title='bbox 463 4319 648 4405; x_wconf 88' lang='lat' dir='ltr'><strong>Aesculapii</strong></span> <span class='ocrx_word' id='word_1_277' title='bbox 668 4315 787 4417; x_wconf 79' lang='lat' dir='ltr'><strong>templo</strong></span> <span class='ocrx_word' id='word_1_278' title='bbox 809 4316 911 4402; x_wconf 85' lang='lat' dir='ltr'><strong>degit,</strong></span> <span class='ocrx_word' id='word_1_279' title='bbox 933 4325 969 4380; x_wconf 93' lang='lat' dir='ltr'><strong>ut</strong></span> <span class='ocrx_word' id='word_1_280' title='bbox 989 4317 1081 4405; x_wconf 89' lang='lat' dir='ltr'><strong>lippi-</strong></span> 
     </span>
    </p>

    <p class='ocr_par' dir='ltr' id='par_1_10' title="bbox 794 4429 841 4495">
     <span class='ocr_line' id='line_1_37' title="bbox 794 4429 841 4495; baseline 0 -24"><span class='ocrx_word' id='word_1_281' title='bbox 794 4429 841 4495; x_wconf 75' lang='lat'><strong>3*</strong></span> 
     </span>
    </p>
   </div>
   <div class='ocr_carea' id='block_1_3' title="bbox 0 0 1524 5284">
    <p class='ocr_par' dir='ltr' id='par_1_11' title="bbox 0 0 1524 5284">
     <span class='ocr_line' id='line_1_38' title="bbox 0 0 1524 5284; baseline 0 4"><span class='ocrx_word' id='word_1_282' title='bbox 0 0 1524 5284; x_wconf 95' lang='lat' dir='ltr'><strong> </strong></span> 
     </span>
    </p>
   </div>
  </div>
 </body>
</html>
