3040 5284
642 520 680 584 11

153 686 240 752 tione
274 689 438 774 prosecuti
469 689 533 753 sint
545 687 606 775 ¹⁶),
649 691 872 758 auctoritatem
900 691 1099 778 rejiciamus:
1130 716 1171 757 ex

153 791 231 876 ipsis
253 791 338 854 enim
360 793 461 856 nostri
481 801 596 878 poetae
617 795 725 859 verbis
747 793 916 859 scholiasta
938 797 1028 860 'suam
1050 805 1173 860 senten·

153 896 231 958 tiam
253 896 456 960 arcessivisse
486 905 518 960 et
545 896 704 962 nonnullis
735 898 931 982 tragicorum
959 897 1038 962 locis
1059 914 1174 986 parum

154 1009 304 1066 accurate
329 1001 497 1067 intellectis
518 1001 580 1067 sibi
602 1001 806 1086 confirmasse
828 1000 965 1066 videtur.

217 1102 240 1168 J
241 1125 292 1166 am
315 1126 414 1190 quum
431 1103 616 1188 viderimus,
638 1103 772 1168 Athenis
792 1111 921 1188 praeter
941 1099 1124 1190 Apollinari
1143 1111 1175 1166 et

156 1205 336 1272 Minervam
358 1207 616 1291 nullumdeum,
643 1231 685 1272 ne
706 1208 824 1274 Jovem
847 1205 994 1292 quidem,
1023 1207 1056 1270 in
1085 1208 1175 1268 θεῶν

46 1317 51 1322 ’
154 1309 312 1395 πατρῴου
326 1333 468 1393 ιιιιιιοουο
489 1311 634 1376 habitum
658 1334 735 1395 csse,
757 1310 977 1398 quaerendum
1000 1318 1061 1393 est,
1088 1309 1175 1396 quod

154 1413 326 1480 discrimen
357 1416 482 1482 intersit
510 1417 594 1480 inter
634 1415 711 1481 deos
740 1415 907 1502 πατρρίους
948 1423 980 1479 et
1012 1417 1174 1500 πατρίους,

155 1540 256 1602 (Ῑυιοο
274 1519 350 1584 inde
372 1519 507 1606 intelligi
529 1521 637 1606 possit,
660 1528 857 1606 quantopere
879 1517 1039 1606 Apollinis
1062 1527 1093 1582 et
1114 1519 1174 1582 Mi·
1262 1549 1273 1558 .

153 1641 272 1684 nervae
295 1621 398 1686 cultus
421 1622 462 1686 ab
493 1624 636 1688 omnium
665 1623 801 1689 aliorum
831 1621 965 1688 deorum
991 1619 1175 1686 conditione
1263 1670 1267 1676 .

152 1720 289 1787 Athenis
311 1722 530 1810 discrepuerit
579 1726 653 1789 Hic.
670 1748 777 1790 meum
800 1746 868 1788 esse
889 1745 955 1788 non
975 1730 1097 1809 potest,
1126 1743 1176 1785 ac·

154 1827 295 1890 curatius
316 1827 479 1912 inquirere
500 1829 535 1892 in
556 1827 645 1892 illam
668 1827 897 1910 differentiam,
928 1827 969 1890 de
1004 1848 1067 1912 qua
1089 1823 1175 1911 judi·

153 1935 262 1992 cautes
283 1929 346 1992 viri
368 1929 455 1994 docti
476 1931 511 1994 in
540 1931 647 1994 varias
668 1925 776 2016 partes
799 1927 983 1992 discedunt:
1014 1927 1075 1992 hoc
1106 1936 1174 1992 tan·

149 2017 221 2096 tum
244 2030 399 2114 dixerim,
427 2036 480 2096 me
508 2033 624 2097 iterum
657 2031 695 2098 C.
717 2033 757 2096 F.
778 2033 956 2096 Hermanni
972 2033 1008 2116 ¹⁷)
1039 2031 1175 2096 auetori-

152 2143 251 2198 tatem
274 2123 419 2200 secutum
441 2135 503 2200 diis
533 2133 694 2220 πατρρίοις
719 2137 871 2216 πατρίους
898 2135 945 2200 ita
967 2134 1174 2222 opponendos
1246 2131 1250 2138 ’

154 2259 230 2302 csse
245 2259 389 2321 censere,
411 2238 514 2304 utilli
536 2240 600 2304 sint
620 2239 753 2304 numina
774 2261 817 2302 ex
849 2239 1076 2325 antiquissimis
1097 2247 1175 2302 tem-

152 2340 285 2428 poribus
305 2363 325 2406 a
346 2342 493 2428 patribus
512 2341 586 2406 filiis
607 2341 727 2406 tradita
755 2350 787 2406 et
815 2364 835 2406 a
864 2342 993 2406 civitate
1023 2342 1057 2404 in
1088 2342 1174 2410 omni

132 2517 134 2523 ,
153 2445 308 2508 memoria
329 2443 423 2528 culta,
446 2443 633 2530 ᾱίἱποίτριοι
655 2453 764 2509 autem
786 2465 896 2508 omnes
916 2445 949 2526 ii,
971 2466 1050 2530 quos
1063 2452 1175 2530 postea

153 2571 172 2613 a
194 2549 324 2627 civitate
345 2557 492 2636 receptos
514 2547 602 2632 leges
623 2546 744 2612 honore
764 2546 849 2616 affici
865 2547 1028 2632 jusserint.
1073 2546 1109 2612 Si
1130 2549 1175 2612 ita

151 2673 221 2716 rem
240 2653 460 2717 constituimus
466 2699 475 2733 ,
499 2650 617 2732 exiis,
639 2671 722 2735 quae
743 2669 840 2734 supra
856 2648 1007 2732 diximus,
1029 2657 1174 2736 apparet,

152 2755 269 2820 Jovem
291 2754 433 2840 aliosque
456 2753 518 2816 diis
540 2755 684 2837 πατρίοις
711 2750 1047 2837 adscribendos-esse,
1076 2751 1174 2839 Apol-

151 2857 208 2922 lini
237 2865 344 2922 autem
375 2865 407 2922 et
434 2856 601 2921 Minervae
630 2853 867 2943 quodammodo
894 2862 1065 2941 utrumque
1094 2853 1175 2922 illud

225 3227 268 3300 16)
288 3225 384 3281 Schol.
411 3228 446 3280 ad
473 3227 538 3280 nuh.
567 3227 648 3282 1468:
675 3227 804 3298 Πατρῷος
827 3225 895 3288 Zetis
920 3227 967 3280 καί
990 3227 1122 3283 Ἀπόλλων
1147 3231 1175 3281 ἐν

151 3317 274 3382 Ἀθήναις
291 3317 430 3388 τιμῶνται,
449 3317 463 3369 ὁ
482 3318 550 3376 Zetis
573 3315 706 3388 μὲνμετὰ
725 3316 953 3388 τὴιίιἈρκαυιρ
970 3315 1000 3381 ἢ,
1026 3317 1063 3376 ὥς
1083 3317 1174 3385 ἕτεροι,

150 3405 216 3476 perri
233 3404 278 3471 τὴν
295 3407 324 3457 lv
341 3405 428 3476 Κρήτη
448 3404 616 3477 ἀνατροφήν,
632 3403 673 3458 ὅτι
690 3401 800 3476 πρῶτοιἸ
812 3410 869 3466 ταῖς
884 3406 1009 3472 Ἀθήναις
1022 3408 1111 3472 ἐπέστη
1128 3407 1175 3469 καί

150 3495 236 3566 ἐφάνη
253 3499 306 3555 τοῖς
331 3494 462 3566 πατράσιν
489 3494 575 3547 αὐτῶν
580 3533 590 3558 ,
610 3495 709 3572 ,οἵτινες
734 3493 811 3565 ταίτη
838 3495 866 3566 τῇ
888 3499 1054 3568 προςηγορίᾳ
1078 3495 1175 3567 τετιμη-

150 3601 229 3642 ιτοσιν
248 3584 341 3638 αὐτόν’
367 3583 499 3639 aarum
516 3583 554 3647 di,
573 3579 611 3636 ὅτι
631 3581 777 3652 Ἐρεχθέως
794 3584 929 3652 θυγατέρα
948 3585 1028 3653 ἔγημε
1044 3582 1088 3648 την
1106 3585 1174 3654 Κρέ-

153 3691 252 3738 ουσαν,
271 3677 298 3736 lt
316 3666 346 3740 ἧς
360 3677 460 3746 γίνεται
478 3673 577 3726 ὁἼων.

225 3781 267 3854 17)
287 3779 551 3840 Gottesdienstliche
580 3776 699 3833 Alterth.
720 3775 750 3849 S.
769 3777 796 3830 7.
816 3783 874 3830 not·
893 3777 923 3830 5:
957 3777 984 3831 d.
1004 3776 1174 3834 Grammati-

153 3871 203 3924 lrer
221 3870 449 3925 untersoheidem
463 3870 578 3940 riehtig:
595 3868 717 3940 πατρῷα
742 3866 772 3920 τὰ
792 3870 819 3920 ἐκ
837 3869 958 3939 πατέρων
975 3871 1012 3929 τίς
1029 3869 1104 3932 atriu
1117 3890 1174 3942 χοι-

152 3961 264 4031 estvm·
284 3991 320 4002 -
338 3993 374 4006 -
391 3961 490 4032 πάτρια
505 3961 534 4014 δὲ
552 3959 643 4026 τάιτῆς
660 3957 763 4017 πόλεως
782 3959 837 4022 ἔθη.
875 3955 982 4018 Dareus
1001 3957 1085 4028 lolgt‚
1110 3960 1173 4014 dass

152 4049 181 4101 iu
200 4047 249 4101 der
268 4045 433 4118 Verehrung
452 4050 502 4103 der
520 4058 627 4103 erstem
647 4048 696 4102 der
716 4043 802 4110 Stant,
822 4047 873 4101 wie
894 4047 956 4100 eine
968 4064 1064 4116 grosre
1078 4047 1173 4106 Fami-

152 4134 189 4188 lie
210 4135 363 4200 erecheint,
383 4119 469 4190 daher
487 4137 527 4192 rie
547 4137 619 4192 darm
638 4133 710 4190 auch
727 4135 877 4203 γενέθλιοι,
903 4133 1058 4206 ἀρχηγέται,
1077 4157 1174 4210 πατρο-

151 4225 249 4295 γίνεται
255 4264 264 4290 ,
282 4225 426 4294 πατριῶται
443 4223 569 4290 heisten,
588 4224 720 4280 wthrend
739 4222 845 4294 πάτριοι
861 4223 914 4276 alle
933 4226 1083 4293 geretzlioh
1097 4229 1174 4284 reoi-

153 4313 243 4383 pirteu
263 4312 361 4368 Ghtter
380 4313 450 4367 sind.
543 4358 553 4374 .
