3040 5284
935 653 976 717 38

452 831 517 887 tam
546 822 705 908 quandam
734 845 922 908 graecarum
958 823 1146 908 religionum
1176 821 1331 906 formam,
1369 821 1466 908 qualis

452 927 579 992 omniuo
601 948 764 1012 nunquam
786 927 944 992 exstitisse
966 926 1102 1009 videtur,
1123 927 1216 992 nobis
1228 925 1393 1014 proponit,
1415 924 1466 989 sed

451 1038 595 1094 veterum
623 1039 791 1116 poetarum
821 1029 983 1096 licentiam
1010 1032 1151 1096 imitatus
1179 1029 1305 1096 fabulas
1343 1029 1386 1094 de
1409 1030 1465 1094 diis

451 1133 584 1198 traditas
606 1156 663 1199 suo
686 1134 819 1200 arbitrio
839 1143 1022 1218 commutat,
1043 1136 1078 1199 in
1098 1137 1239 1200 minutiis
1260 1158 1327 1200 non
1343 1157 1465 1222 semper

453 1238 517 1304 sibi
540 1247 662 1304 constat
673 1239 735 1323 ⁷⁵),
763 1261 848 1305 nova
868 1241 1016 1322 numina,
1045 1247 1200 1326 quotquot
1213 1239 1253 1324 ei
1272 1240 1307 1303 in
1328 1249 1464 1303 mentem

452 1365 569 1406 venere
591 1343 712 1428 fingere
734 1343 839 1409 audet.
867 1343 922 1408 Ex
944 1344 1059 1431 quibus
1080 1344 1236 1430 imprimis
1257 1341 1380 1408 multae
1397 1343 1469 1406 illae·

453 1439 631 1533 ‘simplices
658 1448 819 1512 notiones'
855 1445 965 1512 divina
995 1449 1101 1534 specie
1124 1446 1255 1514 indutae
1278 1468 1463 1512 commemo-

451 1549 572 1615 randae
600 1560 688 1634 sunt,
720 1572 798 1636 quas
827 1550 923 1615 hodie
949 1552 1065 1637 graeco
1095 1551 1253 1617 vocabulo
1280 1549 1463 1625 ὑποστάσεις

451 1655 659 1726 nominemus.
714 1654 836 1720 Tantus
865 1676 974 1718 earum
1004 1675 1155 1718 numerus
1183 1655 1217 1718 in
1242 1652 1461 1743 Aristophanis

452 1757 625 1824 comoediis
651 1760 830 1842 invenitur,
866 1767 902 1824 ut
930 1781 1007 1844 quas
1035 1757 1103 1844 ipse
1124 1739 1272 1842 finxerit,
1300 1783 1382 1846 quas
1399 1763 1460 1848 jam

452 1871 546 1928 antea
567 1862 622 1928 alii
642 1871 770 1950 poetae,
791 1864 849 1927 vix
870 1861 935 1926 dici
955 1862 1062 1948 possit.
1106 1859 1151 1925 Ut
1171 1862 1322 1927 nonnulla
1344 1875 1460 1929 tantum

453 1965 601 2052 exempla
622 1966 769 2049 afferam,
799 1966 1073 2031 commemorarim
1091 1963 1240 2045 Πόλεμον
1263 1965 1356 2049 (th.
1380 1969 1459 2056 911),

339 2087 344 2106 s
453 2068 635 2154 Διαλλαγήν
657 2066 746 2155 (Lys.
770 2070 862 2133 1114.
884 2068 965 2134 Ach.
987 2067 1078 2157 989),
1108 2067 1290 2151 Κοάλεμον,
1321 2071 1459 2160 Stuporis

455 2173 559 2254 deum¹
573 2173 691 2260 (equitt.
714 2173 803 2255 221),
835 2171 1024 2248 Σκιτάλοος,
1050 2172 1214 2248 Φένακας,
1238 2179 1459 2261 Βερεσχέθοος,

454 2274 611 2338 Moriere
633 2273 756 2361 (equitt.
778 2273 866 2362 634),
887 2274 1039 2349 Σπονδὰς
1059 2276 1268 2342 formosarum
1287 2280 1459 2366 puellarum

454 2381 560 2467 specie
589 2379 716 2445 indutas
725 2377 771 2467 76)
778 2429 786 2461 ,
810 2378 977 2464 Ὀπώραν,
1007 2380 1160 2464 ΘεωρίανΙ
1185 2383 1266 2468 (pac.
1288 2383 1354 2448 520
1375 2383 1458 2474 sqq.),

454 2482 628 2548 Βασίλειαν
646 2487 706 2567 (av.
728 2484 787 2549 rub
808 2483 891 2566 fin),
917 2482 1105 2568 Τριφάλητα
1127 2494 1186 2549 etc.

518 2589 563 2654 Ut
592 2588 634 2654 ad
663 2588 795 2654 alteram
816 2590 1033 2681 quaestionem
1061 2598 1275 2672 transeamus,
1304 2593 1357 2656 oui
1387 2595 1458 2680 quid

455 2681 687 2780 Aristophanes
708 2693 808 2760 nobili
829 2685 1031 2780 popularium
1058 2691 1172 2758 melius
1192 2693 1457 2766 informandorum

455 2799 561 2866 studio
582 2800 755 2888 profecerit
782 2798 1038 2885 cognoscendum
1069 2806 1129 2880 est,
1154 2793 1225 2885 jam
1254 2820 1296 2862 ex
1321 2802 1459 2867 mutabili

454 2905 642 2991 infirmaque
660 2903 771 2991 populi
782 2902 987 2968 Atheniensis
1000 2901 1107 2968 indole
1122 2902 1277 2988 suspicari
1291 2925 1458 2990 possumus,

327 3023 331 3103 '3
455 3008 598 3074 homines
618 3009 653 3072 in
673 3008 797 3072 theatro
819 3006 1017 3072 considentes
1029 3005 1235 3072 libentissime
1253 3016 1367 3097 poetae
1382 3010 1459 3096 jocis

328 3148 332 3192 t
457 3122 489 3178 et
510 3112 632 3176 facetiis
654 3133 747 3175 aures
768 3109 971 3196 praebuisse,
992 3107 1194 3174 nihilosecius
1215 3119 1322 3174 autem
1343 3111 1458 3196 iisdem,

459 3214 574 3301 quibus
603 3223 698 3279 antea
728 3213 887 3297 moribus,
917 3216 951 3278 in
987 3213 1172 3300 quotidiana
1204 3215 1272 3279 vita
1293 3236 1361 3280 esse
1382 3241 1457 3283 usos.

457 3319 566 3400 Quum
588 3320 673 3384 enim
694 3320 733 3383 iis
754 3317 883 3402 fabulis,
913 3339 995 3405 quae
1024 3318 1067 3382 ad
1094 3318 1224 3405 pubhca
1251 3321 1378 3404 negotia
1397 3325 1456 3386 vim

457 3421 596 3510 aliquam
617 3444 769 3488 exercere
798 3421 981 3504 voluerunt,
1010 3415 1172 3508 nunquam
1201 3444 1369 3509 prosperos
1396 3449 1456 3492 suc·

457 3549 562 3592 cessus
585 3549 653 3592 esse
675 3526 765 3593 datas
787 3535 922 3610 constet,
952 3549 1009 3592 cur
1036 3527 1070 3590 in
1090 3525 1186 3590 rebus
1208 3528 1323 3610 sceris,
1344 3508 1378 3593 in
1398 3533 1456 3618 qui-

456 3632 516 3698 bus
537 3632 677 3698 maxime
698 3630 778 3697 illud
805 3631 1031 3696 Horatianum:
1063 3631 1153 3713 ‘quot
1183 3631 1323 3716 capitum
1344 3635 1454 3717 viumt

455 3735 589 3800 totidem
610 3735 786 3802 studiorum
807 3735 911 3802 milia*
934 3732 1035 3815 valet,
1056 3741 1183 3819 poetam
1205 3735 1323 3800 civium
1344 3741 1454 3806 animos

456 3837 584 3903 flectere
605 3840 744 3925 potuisse
765 3836 956 3906 credamus?
999 3834 1035 3900 Si
1055 3836 1154 3921 igitur
1176 3861 1233 3925 per
1253 3861 1287 3904 se
1307 3863 1370 3906 non
1383 3847 1454 3908 veri·

417 3945 423 3958 '
457 3941 559 4008 simile
581 3951 636 4025 est,
657 3942 867 4008 Athenienses
885 3939 1040 4028 ejusmodi
1053 3938 1320 4030 admonitionibus
1332 3946 1454 4014 multum

458 4055 560 4116 motos
583 4068 660 4130 esse,
682 4045 778 4112 etiam
800 4046 888 4112 duae
905 4044 986 4112 aliae
1008 4065 1059 4109 res
1081 4043 1194 4110 eodem
1215 4069 1273 4112 uos
1294 4047 1453 4118 adducunt

528 4285 572 4358 75)
591 4283 631 4339 ltu
649 4287 678 4340 in
695 4249 853 4356 Amphiarai
871 4282 904 4335 ir.
924 4282 940 4335 7
964 4280 1025 4336 lnso
1045 4279 1238 4352 Amphiaraum
1258 4289 1454 4356 comitatur,‘in

458 4374 534 4431 Pluti
548 4394 587 4430 vs.
606 4377 657 4430 701
678 4385 768 4432 autem
786 4372 944 4444 Aesculapii
963 4372 1018 4426 filia
1037 4372 1199 4428 nominatur.

527 4463 572 4536 76)
591 4465 685 4538 cquitt.
706 4466 785 4522 1389.
